2070 3524
422 194 553 239 ORATOR.
866 196 910 238 42³

57 310 110 390 qui
130 309 285 380 iambicum
300 320 414 388 putent,
436 309 517 387 quod
536 309 572 368 sit
589 306 715 367 orationi
729 307 908 380 simillimns;

59 407 119 482 qual
135 405 172 463 de
186 405 273 462 causi
287 401 361 475 lieri,
374 415 407 460 ut
415 401 439 460 is
450 401 633 480 potissimhm
646 413 767 481 propter
780 401 911 460 similitu-

58 498 158 556 dinem
169 495 301 555 veritatis
319 495 492 554 adhibeatur
508 494 539 554 in
557 495 672 567 fabulis,
688 494 767 572 quod
780 493 829 552 ille
843 496 911 553 dac-

59 589 166 666 tylicus
186 609 323 648 numerus
348 588 585 649 hexametrorum
603 587 856 666 magniloquentiae
876 587 909 646 sit

60 683 319 742 accommodatior.
339 682 474 762 Ephorus
491 695 608 756 autem,
626 682 698 741 levis
717 682 779 760 ipse
799 694 910 755 orator,

60 777 112 834 sed
128 777 275 854 profectus
296 795 332 835 ex
356 775 467 854 optima
487 775 639 855 discipline
649 778 670 856 ¹,
696 795 797 855 paeone
817 775 913 853 seqni-

61 881 110 928 tur
134 882 185 927 aut
212 870 375 946 dactylum3
402 868 476 946 lugit
500 883 597 928 autem
620 870 788 949 spondaeum
806 882 835 928 et
854 882 912 928 tro-

61 963 184 1023 choenm.
199 964 286 1037 Quod
299 963 376 1022 enim
391 983 474 1041 paeon
487 962 599 1022 habeat
612 975 671 1022 tres
684 962 798 1037 breves,
814 964 912 1039 dacty-

62 1057 106 1115 lus
130 1071 227 1115 antem
246 1058 330 1129 duas,
351 1055 495 1116 brevitate
520 1068 548 1115 et
568 1055 715 1115 celeritate
737 1056 911 1131 syllabarum

57 1150 121 1209 labi
140 1163 223 1228 putat
244 1149 332 1209 rerba
353 1149 527 1230 proclivilrs3
551 1151 710 1227 contrdque
730 1149 860 1209 accidere
881 1152 912 1208 in

62 1246 199 1323 spondaeo
215 1256 244 1302 et
260 1243 388 1301 trochaeo
405 1265 411 1301 :
428 1243 508 1322 quod
522 1244 595 1301 alter
611 1263 628 1302 e
643 1242 737 1319 longis
751 1256 910 1314 constaret,

62 1337 166 1396 altere
182 1335 319 1394 brevibus
338 1336 432 1407 lieret,
451 1336 573 1394 alteram
590 1334 675 1393 nimis
693 1334 854 1410 incitatam,
872 1336 914 1394 al-

62 1443 153 1489 teram
165 1429 251 1486 nimis
259 1430 372 1487 tardam
381 1427 553 1502 orationem,
567 1440 700 1486 neutram
711 1441 911 1506 temperatam.

62 1525 121 1593 Sed
134 1535 164 1582 et
178 1522 221 1581 illi
235 1522 246 1556 ²
259 1524 372 1601 priores
392 1534 501 1595 errant,
521 1533 550 1580 et
564 1521 698 1600 Ephorus
712 1520 841 1600 inculpa
857 1535 912 1582 est.

61 1621 136 1674 Nam
154 1628 183 1675 et
203 1615 253 1694 qui
265 1635 366 1694 paeona
381 1628 569 1694 praetereunt,
588 1635 647 1674 non
666 1614 767 1678 vident
781 1615 915 1674 mollissi-

63 1711 171 1767 munia
183 1728 244 1768 sese
255 1728 408 1767 numerum
421 1708 612 1785 eumdemque
622 1706 830 1786 amplissimum
841 1730 915 1788 prae-

63 1802 158 1863 teriri.
174 1803 258 1874 Quod
270 1802 354 1880 longe
366 1800 514 1860 Aristoteli
531 1800 649 1859 videtur
662 1804 757 1876 seclis,
772 1801 823 1879 qui
833 1801 914 1882 judi-

62 1910 111 1956 cat
126 1896 248 1954 heroum
260 1896 271 1931 ³
284 1915 437 1954 numerum
456 1894 653 1973 grandiorem,
668 1896 756 1971 quarn
770 1894 914 1955 desideret

63 1991 159 2049 soluta
176 1989 288 2062 oratio;
312 1988 441 2047 iambum
464 2001 561 2047 autem
577 1986 663 2046 nimis
686 1987 833 2064 evulgari
853 2009 914 2048 esse

63 2102 208 2143 sermone.
221 2087 266 2141 Ita
280 2102 373 2158 neque
388 2079 528 2140 humilem
543 2093 572 2140 et
586 2081 727 2154 abjectam
740 2081 912 2163 orationem,

62 2334 459 2395 Ledochmiusestdeoinqsyllnbeu‚
519 2351 530 2377 u
543 2332 567 2378 in
591 2332 693 2393 pompd,
715 2333 799 2394 partim
821 2335 846 2380 in
868 2335 916 2382 acie

63 2401 155 2447 saveir:
170 2415 214 2444 une
227 2399 295 2444 breve
308 2409 331 2443 et
342 2400 402 2442 deux
413 2398 463 2442 lon·
518 2414 531 2438 «
542 2396 640 2442 illustres
657 2411 705 2441 esse
720 2398 847 2445 voluerunt.
864 2415 877 2440 a
894 2399 915 2444 ll
999 2440 1004 2451 ,

63 2479 134 2526 guen,
158 2461 239 2508 suivies
259 2462 329 2506 d'une
349 2460 416 2506 breve
438 2469 462 2504 et
516 2458 608 2504 estvrai
619 2459 674 2519 qn'i
691 2459 742 2504 cote
759 2461 798 2505 des
813 2461 916 2507 rheteum

63 2527 134 2571 d'une
153 2526 253 2587 longue,
270 2538 358 2568 comme
376 2523 463 2566 amicos
515 2520 674 2581 Theopompo,
687 2511 915 2581 liphore,Naucrate‚

63 2599 142 2640 tenen
151 2586 208 2632 ainsi
220 2587 236 2630 il
248 2594 281 2630 est
293 2584 462 2645 eomposdd'un
516 2582 636 2642 Philistus,
648 2585 748 2630 Isocrate
765 2587 825 2628 avait
843 2583 916 2630 forme

63 2650 138 2696 ianrbe
153 2659 177 2695 et
197 2651 253 2694 d'un
268 2648 376 2708 rre'rique.
393 2645 463 2706 (Note
515 2645 682 2703 Demosthene,
710 2645 843 2705 Hyperide,
870 2647 916 2706 Ly-

64 2715 93 2758 de
105 2711 211 2759 l'e'dition
225 2714 257 2757 Le
271 2709 353 2769 Clere.)
515 2722 616 2770 curgue,
631 2706 738 2768 Eeehine,
758 2708 875 2768 Dinarque
892 2718 916 2754 et

99 2781 119 2822 l.
131 2775 252 2834 Profectus
262 2789 291 2818 erc
299 2773 385 2834 optimu
396 2771 464 2815 dirci-
517 2785 561 2815 une
578 2769 641 2815 fonle
662 2771 768 2815 d’antres.
786 2770 846 2815 Mais
861 2769 880 2815 si
893 2771 915 2815 la

60 2836 139 2899 plina.
157 2836 254 2881 Ciee'ron
271 2851 299 2880 ne
316 2849 340 2880 se
352 2835 408 2879 lasse
422 2847 464 2893 pas
516 2832 645 2892 reputation
664 2833 695 2877 du
709 2834 790 2876 rnaltre
807 2842 840 2878 est
856 2848 915 2877 assu·

64 2901 94 2944 de
103 2898 168 2943 louet
184 2900 284 2943 Isocrate
295 2906 317 2942 et
331 2913 373 2941 son
384 2895 461 2940 erola:
516 2893 566 2956 ree,
579 2895 634 2941 celle
650 2895 679 2940 de
691 2895 802 2940 l’orateur
814 2912 827 2939 a
842 2896 915 2940 heen-

65 2982 81 3007 ιι
91 2963 151 3008 Ecce
166 2960 208 3004 tihi
222 2969 313 3005 exortus
330 2967 364 3004 est
379 2959 464 3003 Isocra·
517 2973 576 3017 eoup
590 2958 671 3017 perdu.

64 3044 77 3066 «
90 3022 343 3083 tes,magisteristornm
352 3019 462 3075 omnium,
549 3025 571 3065 2.
596 3019 649 3065 Illi.
677 3022 719 3066 Les
751 3019 864 3080 partinens
887 3020 916 3064 de

66 3087 156 3145 :enjus
179 3099 192 3129 e
216 3084 282 3147 ludo,
306 3095 413 3144 tanquam
435 3096 463 3126 ex
516 3080 616 3130 l'iambe.

64 3168 78 3192 α
89 3163 152 3207 equo
162 3146 269 3204 Trojano,
275 3146 340 3193 ,meri
348 3144 465 3208 principes
550 3149 576 3192 u.
591 3147 696 3192 Heroum
713 3157 750 3189 ou
763 3141 889 3187 heroieum
898 3138 942 3191 ,Xe

56 3227 71 3252 a
83 3209 189 3252 exierunt
193 3226 202 3268 ‚-
220 3209 261 3253 sed
277 3225 361 3255 eornm
378 3209 466 3271 partim
524 3209 631 3270 dactyle.
