2070 3524
90 249 134 289 tuo
444 244 577 290 ORATOR.

88 358 128 418 ris
144 359 297 420 contineri.
324 362 399 418 Nam
418 357 559 418 circuitus*
578 355 628 415 ille
639 355 663 431 4,
679 375 768 432 quem
789 374 866 434 saepe
881 354 933 428 jam

87 451 231 524 diximus,
255 450 402 510 incitatior
420 469 541 509 numero
560 449 624 528 ipso
646 449 740 508 fertur
760 461 797 508 et·
816 446 930 518 labitur,

87 547 183 620 quoad
198 543 348 625 perveniat
361 545 399 602 ad
413 545 500 602 linem
514 555 544 601 et
557 541 681 600 insistat.
696 540 885 620 Perspicuum
895 550 931 597 est

87 637 176 713 igitur
195 637 333 696 numeris.
344 635 473 696 strictam
495 634 656 694 orationem
672 653 736 693 esse
758 634 876 706 debere,
891 652 930 690 ca-

88 749 152 788 rere
168 729 310 789 versibus.

13 848 61 921 ιχ,
127 821 183 879 Sed
198 819 231 878 hi
249 819 374 891 numeri,
393 817 537 898 poeticine
558 816 629 892 sint,
645 836 682 875 au
696 836 734 875 ex
755 816 815 875 alio
835 835 929 894 genere

13 909 27 971 l
87 915 229 990 quodam,
252 913 388 992 deinceps
408 925 451 971 est
471 911 640 970 videndum.
666 909 771 968 Nullus
787 922 833 969 est
852 909 929 986 igitur

90 1027 227 1066 numerus
239 1019 322 1066 extra
333 1005 473 1084 poeticos,
487 1016 642 1084 propterea
652 1002 731 1082 quod
745 1002 865 1062 delinita
873 1014 928 1061 suut

87 1119 194 1177 genera
207 1119 406 1159 numerorum.
421 1101 494 1156 Nam
504 1096 598 1156 omnis
617 1095 682 1155 talis
697 1108 754 1168 est,
769 1110 803 1155 ut
814 1117 887 1155 unus
899 1095 928 1153 sit

86 1197 221 1255 utribus.
240 1202 294 1255 Pes
311 1195 400 1267 enim,
416 1195 466 1272 qui
487 1194 642 1254 adhibetur
656 1195 694 1252 ad
712 1214 860 1267 numeros,
872 1213 929 1272 pur·

87 1291 159 1350 titur
171 1291 200 1349 in
213 1290 269 1349 tria
281 1290 304 1364 ²,
320 1302 353 1348 ut
364 1309 479 1347 necesse
493 1289 541 1361 sit,
555 1301 669 1368 partem
682 1289 766 1367 pedis
779 1301 832 1347 aut
846 1307 940 1365 aqua-⁷

87 1384 145 1446 lem
165 1384 250 1443 alteri
271 1383 361 1463 parti,
380 1387 430 1441 aut
447 1383 540 1441 altero
563 1395 663 1453 tauto,
688 1395 739 1441 aut
759 1380 857 1458 sesqui
878 1397 929 1439 esse

87 1477 238 1558 majorem.
257 1481 303 1534 Ita
326 1477 359 1534 lit
379 1473 497 1552 aequalis
515 1474 660 1551 dactylus,
682 1472 793 1552 duplex
811 1472 928 1541 iambus,

87 1571 252 1650 sesquiplex
262 1589 360 1649 paeon3
378 1567 429 1645 qui
446 1568 535 1645 pedes
547 1566 578 1625 in
592 1566 754 1625 orationem
764 1586 824 1626 non
838 1568 930 1626 cadere

88 1662 137 1742 qul
155 1664 296 1743 possunt?
318 1660 423 1739 quibus
447 1659 549 1718 ordine
570 1659 683 1732 locatis,
705 1661 785 1736 quod
807 1658 930 1728 efficitur,

89 1774 276 1813 numerosum
288 1766 326 1811 s1t
337 1772 453 1811 necesse
466 1765 520 1811 est.

129 1845 185 1902 Sed
200 1842 352 1920 quaeritur,
366 1862 424 1920 quo
436 1862 558 1901 nurnero
573 1854 624 1901 aut
636 1840 742 1919 quibus
757 1842 933 1922 potissimum

88 1938 127 1997 sit
133 1937 284 1996 utendum.
296 1935 428 1994 Incidere
434 1935 501 1994 verb
510 1955 610 1994 omnes
621 1934 652 1994 in
666 1934 841 2008 orationem,
856 1935 934 1995 etiam

89 2051 127 2089 ex
142 2031 199 2088 hoo
209 2027 332 2104 intelligi
343 2040 455 2106 potest,
467 2029 546 2106 quod
560 2048 661 2087 uersus
675 2048 751 2106 saepe
765 2028 798 2086 in
812 2028 934 2088 oratioue

89 2142 143 2202 per
163 2120 389 2198 imprudentiam
411 2119 534 2180 dicimus
557 2121 664 2200 (quod
687 2121 877 2181 vehementer
899 2131 936 2180 est

89 2213 251 2273 uitiosum:
275 2215 407 2274 sednon
434 2212 626 2285 attendimus,
654 2233 749 2291 neque
772 2213 936 2273 exaudimus

91 2320 203 2366 nosmet
212 2307 329 2386 ipsos);
351 2306 481 2366 senarios
488 2303 563 2365 uero
578 2318 607 2364 et
620 2305 858 2385 Hipponacteos⁸
872 2304 937 2364 effu·

123 2501 146 2541 l.
163 2493 280 2538 Circuitus
291 2490 341 2537 itte.
349 2495 413 2538 Pour
425 2493 495 2537 dviter
548 2498 608 2537 deux
618 2496 712 2551 paules,
724 2501 747 2536 et
761 2493 783 2537 lu
797 2492 885 2553 syllubo
895 2492 939 2536 lon·

88 2556 112 2601 le
129 2565 201 2601 terme
218 2570 271 2630 gree
284 2554 407 2626 περίοδος,
426 2553 491 2599 Cice·
564 2569 592 2599 ue
609 2553 670 2599 etant
686 2553 831 2612 equivalente
853 2554 866 2600 ri
885 2555 939 2599 deux

89 2634 135 2664 ron
158 2616 270 2688 s'ingepie
291 2618 305 2660 a
329 2616 433 2661 inventur
454 2615 513 2677 des¹
546 2570 634 2677 breves,
644 2617 719 2660 tantdt
736 2615 769 2660 les
787 2617 846 2661 deux
862 2614 940 2677 partiat

91 2689 170 2724 muts
165 2679 321 2740 ‚Quintilieu
345 2678 378 2722 les
405 2693 418 2721 u
442 2685 495 2721 tous
547 2678 577 2722 do
589 2677 644 2737 pred
654 2687 707 2722 sont
715 2678 822 2741 egales
813 2695 903 2739 angens,
904 2682 941 2740 je

90 2742 169 2787 rionis
184 2743 240 2787 dans
255 2751 312 2787 cette
322 2739 419 2811 phrase
430 2741 495 2784 uPe·
547 2739 626 2796 ιιιίιιιις
649 2743 724 2785 tanldt
746 2755 792 2785 une
817 2740 893 2800 partie
912 2746 942 2784 eet

91 2822 104 2845 ιι
98 2804 188 2848 ‹riodo
213 2803 313 2863 plurima
335 2800 429 2846 uomina
454 2800 496 2845 dut

90 2883 104 2908 ι
118 2865 208 2922 Cicero,
221 2865 348 2923 curbitum,
359 2863 494 2920 circuitum,

91 2944 103 2968 ι
119 2926 357 2987 comprehensionem,
377 2925 495 2968 continuu-

92 2988 203 3032 ctionem
209 2988 468 3056 ,circonscriptionem
480 3002 493 3027 u

125 3056 148 3098 2.
162 3049 287 3097 Partitur
278 3067 302 3094 m
311 3051 364 3097 tria.
375 3051 419 3094 Les
429 3047 495 3123 pleds

92 3113 136 3184 qui
146 3111 287 3159 constituent
301 3112 323 3157 le
332 3110 445 3156 nombre
438 3125 495 3170 poe-

93 3175 161 3236 tique
182 3184 236 3220 sont
255 3175 283 3219 de
306 3173 362 3219 trois
386 3172 494 3233 οερὲιει·

85 3237 179 3299 ollaque
192 3237 252 3302 pr'ed
268 3237 333 3286 etant
345 3252 457 3302 compose
449 3235 497 3283 'de

547 2801 634 2845 double
647 2803 767 2847 del'uutre
768 2817 883 2863 ,5purerur
894 2811 942 2847 tan·

547 2865 582 2907 tdt
593 2863 636 2907 elle
647 2864 670 2907 la
686 2873 740 2909 vaut
754 2879 800 2908 une
813 2863 858 2909 lois
875 2864 943 2909 etde·

547 2923 601 2980 mie,
614 2924 724 2985 dirigere,
739 2924 857 2973 mulieres.

581 2990 605 3035 3
631 2988 820 3062 Hippopucteos.
843 2989 874 3033 Ce
889 3001 942 3044 vers,

547 3046 639 3093 invente
645 3065 687 3108 par
696 3048 820 3109 Hipponax
827 3050 850 3094 d’
851 3039 943 3108 Ilpbdte,

549 3109 649 3156 dille'rait
665 3111 696 3154 du
712 3126 763 3156 vers
774 3111 895 3172 lumbique
910 3126 944 3156 se-

549 3173 642 3234 narius,
656 3175 848 3232 encequeduna
865 3175 886 3219 le
899 3187 945 3218 vert

550 3209 674 3296 lumbique
689 3232 716 3277 le
742 3235 863 3279 seoouds
844 3235 920 3292 qiud
926 3236 952 3275 lo
