2070 3524
424 173 558 221 ORATOR.
872 177 913 216 tot

65 288 118 346 bus
140 307 200 345 non
221 285 308 357 modo
328 308 483 347 numerosa
504 288 616 359 oratio,
638 286 796 346 sedetiam
814 307 915 346 versus

64 384 187 442 efficitur
204 406 211 445 :

206 533 270 585 Eam
275 573 283 598 ,
297 551 377 602 quam
389 533 457 585 nihil
471 552 589 600 accusas,
601 531 711 585 damnas
720 533 739 586 ¹.

66 700 80 728 ι
94 675 275 734 Condemnas
288 700 302 727 s
315 675 435 747 diceret,
446 675 496 753 qui
508 695 624 735 versum
639 673 765 753 effugere
778 676 874 734 vellet.

98 830 171 880 Bene
182 846 260 897 quam
271 828 411 881 meritam⁹
421 847 475 880 esse
486 841 615 899 autumas,
630 827 695 881 dicis
706 828 775 880 male
785 828 889 882 mereri.

99 907 142 972 Id,
156 907 230 978 quod
243 907 303 976 scis,
313 907 422 980 prodest
431 907 499 960 nihil
514 925 521 963 :
537 907 578 975 id,
593 907 667 979 quod
681 909 773 980 nescis,
787 909 869 962 obest.

63 1067 187 1122 Versum
203 1061 290 1122 efficit
306 1064 370 1141 ipsa
385 1064 487 1122 relatio
505 1063 730 1122 contrariorum.
747 1064 781 1122 Id
795 1075 870 1122 esset
885 1064 915 1121 in

63 1155 409 1215 orationenumerosum:
422 1182 436 1209 α
446 1156 531 1230 Quod
538 1155 604 1227 scis,
613 1156 684 1214 nihit
695 1156 813 1235 prodest
821 1174 828 1216 t
836 1157 915 1234 quod

62 1249 177 1321 nescis,
202 1249 325 1309 multum
345 1248 439 1309 obest.
459 1274 473 1302 ι
498 1252 618 1328 Semper
635 1249 716 1323 haec,
737 1269 802 1326 quae
823 1248 916 1308 Graeci

64 1341 186 1402 ἀντίθετα
200 1340 362 1415 nominant,
378 1361 468 1419 quum
480 1340 632 1399 contrariis
645 1354 833 1420 opponuntur
844 1362 916 1399 con-

64 1437 165 1509 traria,
178 1456 331 1495 numerum
345 1436 505 1494 oratorium
519 1433 687 1492 necessitate
700 1433 762 1512 ipsu
776 1436 914 1506 efficiunt,

64 1541 94 1588 et
108 1550 174 1588 eum
190 1529 252 1588 sine
265 1528 417 1587 industria·

104 1631 169 1686 Hoc
181 1647 286 1705 genere
297 1626 408 1705 antiqui
416 1624 478 1706 jam
492 1638 558 1684 ante
568 1630 723 1684 Isocratem
734 1626 916 1685 delectaban-

64 1735 123 1794 tur,
136 1735 165 1781 et
178 1722 303 1781 maxime
318 1721 451 1802 Gorgias,
464 1718 547 1800 cujus
557 1719 587 1778 in
600 1721 731 1778 oratione
745 1721 916 1800 plerumque

64 1816 153 1875 efficit
169 1837 322 1875 numerum
345 1817 407 1895 ipsa
426 1815 613 1874 concinnitas.
629 1819 686 1872 Nos
708 1814 792 1872 etiam
812 1813 842 1871 in
861 1813 916 1871 hoc

64 1929 173 1986 genere
192 1911 373 1988 frequentes,
386 1921 419 1967 ut
434 1909 483 1966 illa
497 1919 563 1966 sunt
581 1907 610 1964 in
626 1919 730 1983 quarto
745 1906 915 1964 Accusatio-

65 2002 131 2060 nis³
147 2025 155 2062 a
174 2004 338 2063 «Conferte
357 2003 432 2060 hanc
446 2021 548 2081 pacem
568 2020 634 2058 eum
652 1999 702 2056 illo
718 1999 811 2071 bello,
828 1998 916 2080 hujus

64 2096 198 2175 praetoris
216 2099 371 2155 adventum
391 2116 458 2154 cum
480 2093 558 2153 illius
580 2093 764 2171 imperatoris
781 2091 914 2161 victorii,

64 2187 152 2270 hujus
178 2191 329 2249 eohortem
354 2187 497 2266 impuram
525 2207 591 2245 cum
615 2185 690 2243 illius
716 2185 843 2244 exercitu
868 2186 915 2242 in-

65 2281 155 2352 victo,
168 2281 256 2362 hujus
267 2281 401 2340 libidines
415 2301 480 2339 cum
494 2278 570 2337 illius
586 2277 764 2336 continentia
781 2296 788 2338 :
805 2277 916 2348 abillo,

66 2374 117 2454 qui
129 2375 220 2455 cepit,
237 2376 383 2447 conditas,
399 2375 435 2434 ab
454 2376 525 2444 hoc,
543 2371 594 2451 qui
607 2370 774 2431 constitutas
793 2372 916 2452 accepit,

66 2483 165 2550 captas
187 2469 287 2530 dicetis
306 2474 472 2548 Syracusas.
494 2495 508 2522 s
526 2471 603 2545 Ergo
624 2479 653 2526 et
674 2466 705 2524 hi
725 2465 839 2525 numeri
862 2466 918 2524 sint

65 2562 185 2640 cogniti.

99 2781 121 2820 t.
144 2776 254 2821 Domnas.
278 2776 336 2820 Vers
353 2774 468 2835 iambique
521 2793 534 2816 u
547 2788 615 2834 quam
625 2771 792 2830 nihilaocusas,
808 2772 919 2834 damnas3

67 2837 164 2884 dimitre
175 2852 264 2883 scazon.
523 2854 534 2878 u
545 2836 604 2881 hene
615 2851 684 2896 quam
700 2832 803 2880 meritam
819 2851 866 2880 csse
880 2851 921 2880 au-

96 2907 120 2945 2.
132 2903 193 2945 Beue
200 2916 269 2962 quam
282 2901 393 2945 meritam.
405 2902 468 2945 Dans
522 2917 535 2940 u
548 2907 635 2956 tomas,
652 2897 710 2943 dicis
726 2897 783 2943 male
802 2897 893 2944 mereri.
907 2916 921 2940 n

65 2977 102 3008 ses
122 2963 247 3024 Topiques,
270 2962 367 3009 ciceron
391 2963 468 3006 donne
553 2968 577 3006 3.
601 2963 632 3006 In
656 2960 920 3021 quartoAccusaaetonts.

64 3034 102 3071 eet
115 3024 219 3084 example
234 3024 290 3084 qu’il
309 3020 434 3070 rottnche'a
448 3024 469 3067 la
523 3025 555 3067 Le
579 3021 682 3068 discours
701 3031 781 3068 contre
791 3022 872 3068 Verres
881 3037 922 3068 sur

63 3087 150 3149 'phrase
163 3086 223 3134 oitce
233 3085 345 3133 ci-dcssus
358 3102 364 3136 z
378 3105 391 3132 a
404 3088 467 3144 Earn,
524 3083 557 3130 les
568 3085 660 3130 Statuas
676 3084 751 3147 (chau.
764 3084 822 3145 uri.
