2070 3524
133 282 175 322 tto
491 274 625 323 outrou.

129 396 228 451 Orem
243 389 446 467 excogitatam!
460 389 610 470 Oingenia
622 389 796 452 metuenda!
810 417 827 446 α
839 394 980 455 Membra·

129 485 312 558 tim‚adhuc;
325 483 430 541 deiude
439 482 534 542 caesim
546 507 553 542 ι
568 510 582 538 ι
591 483 736 544 Diximus.
747 509 762 538 s
773 490 890 545 Rursus
899 508 982 548 mem·

130 579 236 638 bratim
255 600 261 636 :
280 581 406 635 «Testes
424 577 494 636 dare
512 579 654 641 volumus.
670 583 838 639 »Extrema
857 583 979 661 sequitur

129 669 360 750 comprehensio,
370 670 421 728 sed
430 690 467 728 ex
477 671 591 730 duobus
600 671 747 745 membris,
757 680 816 750 qua
822 694 883 734 non
890 689 982 755 potest

130 785 191 824 esse
202 764 336 824 brevior:
353 791 366 818 t
375 767 479 839 Quem,
491 785 600 843 quaeso,
609 768 741 825 nostrum
754 767 871 840 fefellit,
885 769 926 828 ita
936 790 982 829 vos

129 877 191 917 esse
205 859 349 916 facturos?
358 884 371 911 a
383 861 441 916 Nec
456 857 548 916 ullum
562 878 652 935 genus
666 871 709 917 est
723 857 843 918 dicendi
858 874 910 920 aut
923 882 979 921 me·

129 951 185 1010 lius
200 965 251 1011 aut
267 952 380 1023 fortius,
398 955 483 1029 quam
497 951 573 1010 binis
592 964 643 1010 aut
660 951 751 1011 ternis
768 950 858 1012 ferire
875 954 980 1026 verbis,

129 1065 337 1122 nonnunquam
348 1044 479 1121 singulis,
488 1045 576 1123 paulo
585 1043 655 1102 alias
664 1043 799 1124 pluribus
811 1067 819 1105 :
831 1047 912 1106 inter
922 1068 981 1126 quae

129 1139 218 1197 variis
230 1139 365 1197 clausulis
385 1139 544 1217 interponit
559 1160 588 1198 se
602 1140 669 1197 raro
681 1159 840 1199 numerosa
853 1162 981 1221 compre-

129 1231 245 1304 hensio;
263 1253 350 1309 quarn
369 1234 505 1311 perverse
524 1233 635 1310 fugiens
656 1233 828 1311 Hegesias¹,
846 1235 981 1294 dumille

129 1325 244 1404 quoque
256 1325 363 1385 imitari
372 1325 487 1403 Lysiam
496 1326 571 1404 vult,
581 1327 704 1385 alterum
714 1347 797 1405 paene
808 1329 982 1388 Demosthe·

129 1442 210 1499 nem,
231 1422 332 1492 saltat,
351 1420 480 1479 incidens
499 1419 668 1501 particulas.
692 1424 729 1479 Et
746 1419 772 1478 is
786 1421 908 1498 quidem
926 1443 981 1482 non

129 1517 224 1574 minus
238 1515 387 1575 sententiis
399 1527 511 1594 peccat,
524 1518 611 1591 quam
625 1513 732 1588 verbis,
743 1526 778 1572 ut
789 1535 851 1574 non
863 1528 980 1594 quaerut,

130 1630 216 1687 quem
237 1610 364 1689 appellet
384 1608 526 1688 ineptum,
551 1607 601 1685 qui
620 1607 703 1666 illum
720 1609 905 1685 cognoverit.
929 1609 982 1669 Sed

129 1721 183 1778 ego
197 1701 246 1759 illa
257 1700 352 1760 Crassi
361 1715 389 1760 et
399 1714 498 1760 nostra
513 1699 609 1779 posui,
627 1712 671 1772 ut,
684 1699 735 1778 qui
747 1701 853 1774 vellet,
866 1702 982 1761 auribus

129 1793 208 1872 ipsis,
232 1794 301 1870 quid
320 1814 506 1853 numerosum
524 1793 612 1852 etiam
635 1792 666 1851 in
686 1792 815 1852 minimis
833 1795 981 1875 particulis

130 1886 267 1945 orationis
277 1887 523 1960 esset‚judicaret.
539 1893 575 1946 Et
587 1885 724 1964 quoniam
733 1887 822 1966 plura
836 1891 875 1949 de
888 1909 982 1948 nume·

130 1984 196 2039 rosa
215 1980 344 2039 oratione
370 1980 512 2052 diximus,
533 1984 620 2058 quim
639 1979 795 2058 quisquam
822 1996 893 2043 ante
917 2003 982 2054 nos,

130 2096 205 2134 nunc
217 2077 254 2134 de
270 2076 330 2148 ejus
345 2076 458 2153 generis
472 2077 596 2137 utilitate
612 2077 753 2139 dicemus.

373 2319 412 2371 De
425 2319 528 2371 l’utilite
539 2318 586 2371 des
599 2318 734 2376 nombres.

171 2497 266 2555 XXX.
283 2494 357 2552 Nihil
372 2496 449 2554 enim
460 2496 552 2569 aliud,
567 2501 656 2556 Brute
664 2496 756 2575 (quod
765 2499 888 2577 quidem
897 2516 929 2562 tu
937 2503 983 2561 mi·

130 2589 207 2647 nime
214 2587 342 2647 omnium
349 2586 492 2669 ignoras),
500 2589 621 2668 pulchre
630 2603 660 2649 et
669 2591 799 2650 oratorie
808 2594 923 2669 dicere,
933 2595 983 2655 nisi

130 2683 246 2761 optimis
256 2681 404 2741 sententiis
417 2681 570 2760 verbisque
584 2683 747 2743 lectissimis
759 2685 872 2748 dicere.
885 2695 921 2750 Et
933 2710 983 2748 uec

132 2777 273 2835 sententia
282 2776 403 2848 ullaest‚
415 2795 479 2852 quae
488 2776 614 2836 fructum
623 2778 734 2837 oratori
747 2779 834 2860 ferat,
848 2782 906 2842 nisi
919 2782 982 2862 apte

164 2982 185 3022 t.
196 2977 315 3034 Hegesias.
323 2977 489 3042 Cetllt'rgisins,
501 2980 529 3024 de
584 2977 692 3024 consacrl
709 2977 723 3024 t
739 2978 815 3026 Dirne
827 2981 870 3028 edt
882 2982 947 3030 brute
960 2982 981 3028 ln

131 3037 249 3099 Magncse‚
263 3038 316 3083 erait
329 3055 361 3084 un
379 3039 478 3086 derivuin
498 3042 529 3086 al·
583 3041 635 3085 nuit
654 3042 728 3086 meme
745 3041 777 3086 od
795 3043 929 3092 Alexandro
947 3059 981 3090 ve·

131 3100 187 3146 lecte
196 3111 220 3145 et
228 3099 397 3146 ridiculezc’est
403 3103 435 3147 lui
447 3103 530 3164 quidi-
582 3102 631 3147 nait
641 3119 670 3148 uu
684 3104 777 3159 monde,
787 3120 859 3166 parce
868 3121 916 3168 que
927 3115 981 3153 cette

129 3162 206 3224 satta
218 3176 307 3224 propos
323 3164 353 3207 de
364 3162 485 3210 l'incendie
497 3167 528 3210 du
584 3165 669 3227 deesse,
691 3165 792 3225 occuper
815 3183 860 3213 aux
885 3169 981 3215 couches

121 3227 209 3287 temple
219 3217 345 3289 &Epheso
357 3243 371 3269 (ι
379 3227 440 3289 qu’il
451 3243 481 3275 nu
488 3226 531 3274 iul·
589 3226 833 3286 dotymptusmss
840 3231 980 3292 nuwngmi

110 3286 157 3333 tait
159 3306 205 3352 pas
216 3292 340 3340 s'etonuer
346 3306 396 3355 que
403 3300 441 3339 oct
454 3290 539 3340 eumue
594 3287 704 3352 otoldus*
716 3302 753 3332 Μ
762 3288 866 3334 ΜΝ
