2062 3510
455 197 586 244 ORATOR.
898 201 940 240 lut]

96 311 264 389 inquiunt¹.
287 311 362 384 Quid
386 311 410 368 si
437 309 632 388 antiquissima
658 310 708 368 illa
736 324 848 390 pictura
872 331 941 389 pau-

96 424 198 463 corum
216 404 345 462 colorum
362 398 470 478 magis,
492 406 578 479 quim
598 403 659 460 haec
670 401 730 482 jam
748 404 941 481 persecta'de-

96 496 201 554 lectet?
221 495 270 553 illa
282 495 366 553 nobis
380 492 433 564 sit,
451 494 556 565 credo,
572 495 742 573 repetenda,
759 495 819 553 haec
835 495 941 554 scilicet

96 587 293 665 repudianda!

138 680 304 738 Nominibus
315 693 444 740 veterum
456 683 625 758 gloriantur.
640 685 735 740 Habet
748 694 855 754 autem,
867 695 900 741 ut
912 681 941 740 iu
961 708 963 712 ⁴

95 773 242 832 aetatibus²
258 772 455 832 auctoritatem
469 786 618 844 senectus,
634 774 675 831 sic
693 773 724 830 in
738 774 875 853 exemplis
888 796 941 832 an-

96 865 212 943 tiquitas
235 887 242 928 :
264 886 328 944 quae
345 867 461 943 quidem
483 868 561 946 apud
578 885 624 924 me
642 865 736 943 ipsum
754 868 831 924 valet
849 866 941 945 pluri-

42 1008 44 1013 .
94 961 186 1017 mrim.
204 962 263 1016 Nec
277 977 330 1036 ego
344 958 385 1034 id,
401 959 481 1036 quod
494 959 573 1016 deest
587 955 761 1034 antiquitati,
776 959 871 1035 flagito
885 980 942 1037 po-

94 1051 170 1121 tius,
197 1055 285 1128 qutun
310 1050 410 1124 laudo,
433 1052 513 1128 quod
535 1062 592 1124 est;
615 1049 775 1129 praesertim
798 1070 887 1128 quum
909 1070 943 1110 ea

95 1143 205 1215 majora
220 1142 364 1217 judicem,
383 1155 542 1221 quaesunt,
560 1143 647 1219 quim
661 1142 726 1214 illa,
744 1163 808 1221 quae
826 1144 940 1203 desunt.

93 1235 163 1293 Plus
177 1247 219 1294 est
239 1234 356 1294 enimin
373 1234 467 1292 verbis
481 1247 510 1292 et
526 1234 557 1292 in
576 1233 724 1292 sententiis
739 1234 823 1306 boni,
839 1236 942 1313 quibus

93 1327 136 1386 illi
160 1327 320 1399 excellunt,
346 1329 433 1404 qulam
457 1327 487 1385 in
510 1326 695 1385 conclusione
722 1326 940 1400 sententiarum,
956 1318 1005 1371 Μ’

94 1435 184 1498 quam
202 1440 261 1479 non
278 1420 396 1480 habeut.
418 1416 484 1477 Pdst
502 1417 620 1478 inventa
636 1419 782 1477 conclusio
803 1432 862 1498 est,
884 1424 942 1497 qual

94 1516 183 1572 credo
202 1533 305 1572 usuros
319 1524 430 1570 veteres
448 1511 513 1570 illos
531 1511 632 1583 fuisse,
651 1509 749 1590 sijum
769 1526 839 1571 uota
857 1524 942 1590 atque

94 1617 233 1684 usurpata
248 1626 294 1664 res
308 1617 400 1678 esset;
414 1609 471 1681 qua
484 1603 611 1677 inventa,
625 1624 725 1662 omnes
740 1623 807 1662 usos
822 1624 942 1682 magnos

93 1709 225 1761 oratores
236 1696 375 1755 videmus.

132 1788 189 1847 Sed
203 1787 290 1846 habet
303 1808 408 1846 nornen
419 1787 570 1861 invidiam,
582 1807 670 1864 quum
681 1786 712 1846 in
726 1789 855 1848 oratioue
866 1789 942 1863 judi-

93 1878 160 1938 ciali
177 1891 206 1938 et
221 1878 328 1938 forensi
344 1901 473 1937 numerus
488 1879 587 1950 latine,
604 1881 704 1938 Graece
725 1882 831 1961 ῥυθμός,
850 1881 942 1940 inesse

92 1971 211 2031 dicitur.
232 1970 325 2030 Nimis
345 1973 421 2031 euim
440 1971 609 2030 insidiarum
631 1972 668 2030 ad
687 1974 840 2052 capiendas
858 1992 941 2031 aures

94 2063 226 2123 adhiberi
239 2063 364 2139 videtur,
379 2064 403 2122 si
419 2065 504 2123 etiarn
516 2066 546 2123 in
560 2065 682 2122 dicendo
696 2066 809 2124 numeri
823 2067 859 2124 ab
874 2087 941 2124 ora-

95 2171 159 2217 tore
174 2168 352 2234 quaeruutur.
369 2161 432 2217 Hoc
442 2159 509 2217 freti
519 2157 577 2227 isti,
593 2171 622 2214 et
636 2156 693 2237 ipsi
705 2159 827 2217 infracta
839 2172 867 2217 et
878 2180 941 2218 arn-

125 2404 149 2442 l.
177 2398 297 2458 quuiunt.
314 2397 358 2443 Les
368 2398 491 2458 pre'tendus

93 2459 211 2531 Attiqpes,
236 2460 294 2504 dont
315 2460 408 2505 l’oreillc
438 2460 491 2506 etait

94 2521 169 2567 flattee
180 2525 223 2582 p'ar
236 2537 272 2567 ces
282 2521 375 2581 phrases
392 2532 489 2580 comtes,

94 2599 137 2643 par
147 2598 174 2629 ce
184 2583 242 2643 style
248 2583 326 2639 huche,
338 2583 405 2643 qu’ils
415 2599 491 2646 regar-

94 2645 173 2690 daicnt
182 2660 269 2691 comme
280 2660 312 2689 un
322 2647 362 2690 des
372 2647 492 2691 caracteres

94 2708 124 2752 de
133 2706 154 2751 lu
161 2705 249 2752 diction
260 2706 339 2767 simple
346 2717 369 2752 et
375 2708 490 2752 naturelle.

125 2773 150 2813 2.
157 2770 189 2814 Iu
199 2769 312 2814 aetatibus.
322 2771 410 2815 Horace
419 2768 494 2814 devait

93 2829 222 2876 combuttre
237 2829 251 2876 ia
264 2846 306 2876 son
321 2841 374 2876 tour
386 2842 444 2877 cette
455 2848 493 2876 su-

104 2891 218 2937 )erstition
230 2893 262 2938 du
273 2893 350 2952 passim
364 2892 429 2948 ainsi,
438 2894 494 2938 dans

103 2954 185 3014 'cpltre
212 2953 225 2997 a
251 2958 362 3016 Auguste,
390 2971 449 2999 nous
473 2956 494 3000 lc

95 3031 185 3074 voyons
194 3016 264 3061 lutter
279 3026 359 3061 contre
372 3031 409 3062 ces
420 3015 493 3061 adrui-

94 3078 182 3122 rations
207 3077 337 3124 intercutes
362 3078 401 3139 qui
432 3079 492 3123 cral-

94 3138 167 3183 tuieut
181 3139 214 3183 les
226 3143 306 3197 poc‘tes
326 3142 418 3187 aucieus
435 3157 496 3202 pour

544 2397 642 2458 querellc
658 2407 692 2442 est
710 2398 739 2443 de
759 2406 812 2443 tous
831 2397 864 2444 les
887 2414 943 2458 pays

544 2471 567 2506 et
583 2461 612 2505 de
626 2470 677 2504 tous
695 2460 727 2505 les
744 2471 826 2520 temps.
843 2463 906 2507 Nous
923 2461 943 2504 la

543 2532 683 2568 retrouvons
713 2537 742 2565 au
780 2522 943 2582 dix-septieme

544 2584 625 2643 siecle,
639 2581 698 2628 aussi
709 2582 842 2643 passionnc'c
861 2594 883 2629 et
893 2593 945 2629 tout

545 2645 603 2690 aussi
608 2645 695 2704 injuste.
704 2645 801 2690 Ciceron
809 2645 887 2691 insiste
892 2661 946 2692 avec

545 2708 621 2752 raison
641 2723 680 2751 sur
702 2717 761 2753 cette
782 2709 893 2767 conquete
917 2710 945 2754 de

544 2768 679 2814 l'lrarmonie
697 2771 753 2814 dans
763 2769 784 2814 le
795 2771 866 2829 style;
879 2780 945 2828 peut-

546 2832 593 2876 ‹ltre
618 2830 685 2876 eut-il
713 2832 744 2875 du
768 2830 858 2878 insistet
877 2831 944 2890 aussi,

547 2894 603 2937 dans
619 2891 775 2952 l'application
798 2895 827 2939 de
845 2910 881 2939 ces
892 2895 945 2954 pre-

546 2965 635 3014 ceptes,
648 2969 686 2998 sur
700 2954 759 2999 leurs
775 2956 873 3017 dangers
890 2956 947 3016 qu’il

546 3016 582 3060 n'a
594 3031 635 3075 pas
641 3015 746 3074 toujours
758 3016 836 3062 evite's.
845 3017 944 3062 L’exom-

547 3077 584 3136 ple
595 3077 624 3122 de
635 3079 744 3138 quelques
754 3088 858 3122 orateurs
871 3093 950 3136 precs„

551 3140 680 3184 d'lsocratc
701 3148 816 3194 surtouz,
839 3137 919 3178 auc-tn
932 3147 969 3188 pu

86 3198 199 3245 tabuisset
217 3200 249 3245 les
273 3203 408 3251 moderues.
432 3209 501 3253 Cotte
553 3201 700 3267 l'instrulrc.
