2070 3524
419 221 551 269 ORATOR.
879 227 908 266 75

52 335 140 417 ipsis,
166 334 253 394 alteri
271 296 420 414 assuriipti.
442 335 584 394 Tractatio
601 335 689 414 igitur
709 355 803 392 rerum
824 333 910 392 efficit

10 452 27 471 τ
52 428 305 489 admirabiliorem
321 427 493 488 orationem.
510 431 583 486 Nam
598 427 670 508 ipsae
683 428 802 506 quidem
818 429 909 487 resin

15 586 20 591 ,
51 523 188 605 perfacili
202 520 367 599 cognitione
381 534 546 580 versantur.
559 521 636 596 Quid
653 523 730 580 cuim
743 521 803 602 jam
815 522 910 599 sequi-

10 612 17 701 :
54 630 115 692 tur,
123 615 325 695 quodquidem
336 617 406 674 artis
415 616 461 692 sit,
468 615 522 674 nisi
531 614 621 673 ordiri
632 617 803 689 orationem,
815 617 909 693 inquo

24 720 28 725 '
53 727 105 777 aut
124 712 298 774 concilietur
312 713 437 783 auditor,
452 725 503 770 aut
518 713 657 789 erigatur,
672 726 721 770 aut
732 725 816 790 paret
830 732 861 770 se
873 711 909 769 ad

11 838 39 851 »-
56 808 248 867 discendum?
265 826 326 865 rem
341 805 468 864 breviter
481 825 637 885 exponere,
655 819 683 864 et
707 803 907 885 probabiliter,

55 913 87 962 et
98 901 213 982 aperte,
227 912 271 973 ut,
281 900 350 977 quid
363 912 477 977 agatur,
490 892 610 978 intelligi
624 899 731 978 possit?
745 919 796 957 sua
807 899 909 958 confir·

22 1010 29 1015 '
45 997 160 1057 marc?
179 992 344 1052 adversaria
357 996 509 1051 evertere?
533 1012 625 1070 eaque
641 991 754 1052 efficere
767 1013 826 1051 nou
838 1013 909 1072 per-

56 1086 185 1161 turbate,
213 1088 264 1145 sed
284 1085 403 1164 siugulis
422 1085 718 1163 argumentationibus
733 1086 774 1145 ita
790 1085 908 1145 conclu·

29 1178 173 1256 deudis,
199 1191 231 1236 ut
256 1177 398 1238 efficiatur
420 1179 499 1258 quod
515 1178 551 1237 sit
563 1197 743 1260 consequens
767 1179 815 1253 iis,
846 1199 910 1258 quae

55 1284 211 1331 sumentur
237 1272 273 1331 ad
300 1292 444 1350 quamque
470 1291 532 1330 rem
560 1273 811 1330 confirmandam?
844 1285 910 1351 post

56 1367 171 1439 omnia,
180 1366 395 1444 perorationem
407 1363 633 1424 inflammantem
644 1366 909 1443 restinguentemve

55 1460 251 1521 concludere?
260 1463 321 1518 Has
333 1471 429 1537 partes
441 1458 683 1535 quemadmodum
698 1470 799 1515 tractet
812 1459 910 1539 singu-

56 1553 112 1627 las,
130 1552 246 1612 difficile
257 1553 335 1612 dictu
351 1567 393 1610 est
405 1551 461 1610 boc
474 1551 552 1609 loco.
566 1556 624 1610 Nec
634 1551 710 1610 euim
723 1571 838 1630 semper
852 1564 910 1610 tra-

28 1640 33 1645 ’
56 1657 176 1706 ctantur
204 1665 264 1704 uuo
298 1645 397 1704 modo.
428 1645 571 1719 Quoniam
599 1657 695 1702 autem
719 1663 791 1716 non,
823 1666 909 1722 quem

56 1740 192 1811 doceam,
204 1759 313 1816 quaero,
327 1740 378 1797 sed
390 1757 476 1815 quern
490 1738 623 1817 probem,
638 1737 771 1818 probabo
784 1738 908 1818 primum

23 1888 28 1895 .
57 1853 138 1905 eum,
161 1831 221 1909 qui,
246 1833 317 1908 quid
328 1833 440 1905 deceat,
460 1830 579 1893 videbit.
595 1835 664 1889 Haec
678 1832 756 1890 enim
771 1832 909 1910 sapientia

57 1923 186 1983 maxime
200 1922 363 1982 adhibenda
374 1923 521 2000 eloquenti
549 1935 603 1998 est,
633 1935 664 1981 ut
686 1923 723 1980 sit
747 1934 908 2002 temporum

57 2036 309 2099 personarumque
333 2017 510 2075 moderator.
534 2021 607 2075 Nam
627 2036 680 2075 uec
706 2036 831 2095 semper,
857 2037 923 2081 uec,

57 2110 139 2189 apud
158 2128 269 2183 omum,
293 2129 347 2168 uec
369 2121 470 2167 contra
487 2130 598 2181 omnes,
617 2130 670 2167 ncc
689 2130 743 2188 pro
764 2111 908 2180 omnibus,

58 2224 117 2264 nec
129 2202 278 2275 omuibus,
293 2203 395 2262 eodem
412 2202 500 2261 modo
515 2202 669 2261 dicendum
683 2203 819 2262 arbitror.
850 2208 854 2217 '

100 2299 131 2354 Is
157 2295 213 2354 erit
228 2314 298 2372 ergo
324 2297 474 2374 eloquens,
503 2295 554 2372 qui
578 2296 617 2353 ad
638 2294 680 2367 id,
707 2297 912 2375 quodcumque

59 2387 186 2461 decebit,
196 2387 304 2469 poterit
314 2389 533 2448 accommodare
545 2388 716 2447 orationem.
725 2389 809 2463 Quod
823 2410 911 2468 quum

59 2481 206 2556 statuerit,
230 2494 302 2555 tum,
324 2495 356 2540 ut
374 2482 500 2560 quidque
518 2480 574 2540 erit
589 2481 753 2556 dicendum,
770 2481 810 2541 ita
823 2482 910 2555 dicet,

60 2594 118 2635 nec
144 2575 256 2633 satura¹
277 2575 388 2650 jejune,
413 2595 467 2635 nec
493 2577 613 2654 grandia
635 2578 755 2651 minute,
778 2599 831 2636 nec
844 2578 912 2637 item

61 2671 179 2741 contra,
204 2668 254 2728 sed
280 2669 335 2728 erit
355 2669 441 2728 rebus
464 2671 532 2749 ipsis
547 2691 600 2749 par
627 2684 655 2730 et
674 2671 791 2748 aequalis
809 2672 911 2730 oratio.

59 2761 209 2841 Principia
224 2764 400 2837 verecunda,
415 2783 476 2821 non
495 2764 576 2822 elatis
596 2766 705 2823 intenta
730 2765 838 2839 verbis,
864 2768 913 2824 sed

61 3010 77 3035 α
93 2989 229 3037 conditione
245 2990 371 3045 trahantur,
389 2991 464 3036 alterae
520 2991 727 3052 developpements.
755 2992 816 3039 C'cst
837 2993 849 3038 ir
871 3008 915 3052 peu

60 3070 75 3099 c
93 3051 162 3097 noris
172 3051 282 3099 institutis
293 3053 461 3114 imperentur-,u
519 3054 571 3113 pres
590 3055 647 3099 dans
659 3055 679 3100 le
693 3056 765 3100 meme
781 3071 830 3101 scus
846 3056 916 3112 qu'ou

62 3114 191 3178 (niceten,
214 3115 260 3161 II·
284 3120 361 3162 action
388 3126 465 3162 contre
521 3115 557 3162 dit:
575 3117 623 3163 Rus
641 3127 758 3163 saturum.
774 3115 868 3174 iberae,
884 3118 930 3154 Su-

55 3176 155 3233 Verrh,
174 3178 221 3237 Ill,
238 3178 337 3240 xcvm.)
527 3181 596 3237 ties,
609 3180 714 3242 istm
735 3182 808 3222 Soter
820 3183 952 3217 autumnus

83 3243 108 3286 Ι.
121 3240 220 3296 Satura,
233 3254 265 3285 un
278 3242 338 3302 suict
352 3242 421 3291 riche
439 3261 470 3291 en
535 3236 697 3309 lColuruelle,
723 3241 766 3297 X,
788 3234 849 3293 lib-b
879 3233 973 3274 Sam
