2070 3524
92 112 122 153 62
451 101 584 149 ORATOR.

91 222 171 281 rum'
182 221 340 300 :siquidem
352 230 396 278 est
409 238 509 277 eorum
522 244 536 272 α
550 236 696 295 gemmare
708 217 783 276 vites
796 243 826 292 ι,
840 216 939 277 «sitire

93 341 107 369 ι
118 335 203 393 agros
211 339 240 388 s,
249 313 344 371 «laetas
356 332 417 370 esse
425 323 535 391 segetes
543 336 571 382 s,
585 337 598 364 α
606 308 756 367 luxuriosa
762 309 939 372 frumenta».

91 407 168 466 Nihil
180 407 286 465 horum
300 408 403 484 parum
416 406 570 481 audacter;
588 404 638 461 sed
656 414 706 460 aut
726 401 822 461 simile
834 416 879 462 est
890 402 940 477 illi,

93 502 167 559 unde
184 500 355 571 transferas3
379 510 442 570 aut,
463 498 487 555 si
504 517 550 555 res
564 515 646 554 sunm
659 494 771 552 nullum
787 495 878 555 habet
890 516 940 554 no-

91 613 169 665 rnen,
183 592 305 651 docendi
324 596 411 650 causd
436 602 595 669 sumptum,
611 608 670 647 non
682 586 802 646 ludendi
818 588 940 649 videtur.

90 688 154 745 Hoc
165 698 333 743 ornamento
344 683 461 742 liberius
472 680 560 764 pauli>
576 683 663 760 qnlm
676 681 780 739 ceteris
792 694 893 741 utetur
899 682 940 741 hic

90 778 268 851 summissus,
286 798 339 836 nec
354 789 413 836 tam
426 776 547 834 licenter
572 788 678 846 tamen,
693 775 783 852 qulm
799 774 825 833 si
839 792 941 853 genere

89 871 204 930 dicendi
216 882 346 929 uteretur
359 868 548 946 amplissimo

129 967 230 1038 ltaque
242 961 313 1020 illud
325 962 497 1021 indecorum
514 961 605 1041 (quod
618 959 703 1039 quale
717 960 765 1034 sit,
783 979 821 1018 ex
836 962 938 1020 decoro
974 1020 977 1025 ,

89 1054 176 1114 debet
195 1053 344 1134 intelligi),
359 1052 406 1113 hic
421 1057 535 1133 quoque
554 1066 685 1133 apparet,
707 1071 798 1131 quum
818 1054 938 1114 verbnm

89 1148 207 1225 aliquod
221 1146 305 1204 altius
318 1148 490 1206 transfertur
500 1149 524 1219 ²,
538 1148 626 1225 idque
639 1147 669 1205 in
688 1145 821 1205 oratione
841 1145 939 1205 humili

89 1330 103 1355 u
117 1313 188 1368 deest,
199 1323 237 1359 aut
246 1315 378 1359 translatum
389 1315 486 1374 proprio

542 1332 555 1355 α
567 1313 629 1376 genii
639 1312 753 1372 specimen
764 1321 798 1358 est
810 1314 937 1374 quoddam,

89 1392 103 1418 α
117 1375 196 1421 rnelius
216 1387 258 1421 est.
274 1378 302 1421 ld
322 1376 416 1422 iacimus
428 1413 434 1435 ‚
448 1386 488 1422 aut

541 1374 679 1420 «transilire
694 1384 746 1420 ante
761 1376 833 1435 pedes
849 1376 937 1436 posita,

90 1456 103 1480 α
117 1437 170 1498 quia
179 1452 268 1484 necesse
283 1447 328 1498 est,
340 1448 379 1483 aut
390 1439 443 1499 quia
456 1439 487 1484 si—

89 1518 103 1542 «
118 1499 262 1561 gnificantius
273 1509 317 1562 est,
331 1510 379 1554 aut,
389 1509 415 1545 nt
428 1500 486 1556 dixi,

90 1560 171 1621 aquia
195 1561 318 1608 decentius.
347 1560 395 1606 Ubi
430 1562 488 1607 nihil

91 1640 104 1663 o
117 1623 200 1666 horum
211 1624 334 1681 praestabit,
344 1622 407 1683 quod
415 1632 487 1668 trans-

92 1682 221 1739 aleretur,
249 1684 403 1744 improprium
432 1684 485 1730 erit.

91 1744 252 1792 uNecessitate
289 1746 367 1791 rustici
409 1744 488 1792 dicunt

90 1823 228 1867 «gemmam
256 1807 281 1852 in
306 1807 390 1852 vitibus
419 1807 487 1868 (quid

90 1887 104 1912 u
117 1869 177 1913 enim
194 1868 297 1914 dicerent
312 1869 411 1931 atiudt),
423 1880 447 1916 et
457 1872 488 1916 ai-

90 1950 103 1974 «
116 1932 160 1976 tire
173 1941 270 1991 segetes,
284 1940 307 1976 et
317 1933 407 1985 fructus
420 1931 488 1977 labo·

91 2011 103 2034 κ
118 2007 179 2040 rare.
195 1992 331 2039 Necessitate
349 2009 391 2038 nos
404 1993 487 2039 durum

92 2072 103 2098 ι
115 2052 227 2100 lonrinem
238 2063 428 2117 autasperum....
437 2059 487 2103 lam

90 2135 103 2158 ι(
117 2116 233 2163 incensum
246 2118 295 2177 irc,
314 2128 337 2164 et
357 2118 487 2181 irfiamma-

90 2197 104 2223 α
117 2189 165 2223 tum
187 2181 325 2242 cupiditate,
349 2191 372 2226 et
397 2179 486 2243 lapsum

89 2257 203 2299 «errore,
231 2241 377 2304 significandi
403 2243 485 2304 gratil.

89 2319 102 2342 (ι
115 2302 154 2347 llla
165 2303 194 2346 ad
211 2312 324 2360 ornatum,
338 2303 414 2348 lumen
430 2321 485 2349 orc-

89 2380 103 2405 ι
115 2364 191 2423 tionis,
204 2371 228 2408 et
243 2365 335 2424 generis
345 2364 483 2422 claritatem,

87 2433 137 2470 eet
159 2425 291 2470 concionum
313 2426 436 2486 proeellas,
462 2436 485 2472 et

89 2504 103 2529 α
114 2485 247 2547 eloquentie
253 2487 366 2550 flumina.
381 2505 394 2529 υ
408 2490 485 2545 Qnant

86 2564 115 2592 au
131 2548 209 2607 plaisir
225 2558 277 2595 tout
293 2548 424 2609 particulier
439 2565 484 2610 que

86 2608 105 2653 la
118 2610 251 2670 metaphore
256 2610 375 2671 procureir
385 2610 482 2674 l'esprit,

87 2670 103 2714 il
115 2668 162 2715 lant
173 2673 282 2717 entendre
292 2671 483 2732 (liclronl'eipli-¹

86 2745 144 2792 quer
155 2747 208 2778 avec
216 2734 238 2778 la
249 2734 329 2779 linesse
340 2734 395 2778 d’uu
406 2735 484 2782 artiste

85 2793 216 2839 consumme
236 2813 242 2842 ι
269 2813 282 2838 u
304 2797 406 2856 Persaepe
427 2797 484 2843 mihi

85 2854 268 2901 «admirandum
298 2856 388 2903 videtur
420 2860 482 2920 qudd

87 2931 190 2963 «ornnes
216 2918 329 2964 translatis
356 2929 380 2966 et
404 2921 483 2968 olienis

86 2980 183 3042 «magis
217 2979 358 3027 delectentur
388 2984 479 3043 verbis,

86 3061 99 3083 u
110 3041 179 3101 quim
190 3042 296 3105 propriis
311 3053 334 3090 et
349 3044 434 3093 suis...
453 3047 482 3092 ld

99 3102 205 3151 accidere
218 3106 300 3168 credo,
319 3107 354 3156 rel
365 3109 432 3173 qnld
442 3108 482 3157 in-

541 1456 554 1479 «
568 1447 592 1483 et
601 1437 644 1482 alia
654 1436 723 1499 longe
731 1437 829 1497 repetita
839 1453 937 1498 sumere3

541 1498 601 1544 «vel
623 1499 687 1559 quod
707 1499 728 1544 is
749 1498 791 1559 qui
803 1500 878 1557 audit,
893 1499 937 1545 ulit

542 1561 660 1606 «ducitur
682 1559 841 1623 cogitatione,
866 1576 938 1623 neque

542 1632 642 1669 «tamen
656 1623 758 1682 aberrat,
771 1639 823 1684 quae
843 1623 938 1669 maxims

541 1704 554 1728 e
567 1695 601 1731 est
613 1685 731 1731 delectatio
745 1704 752 1744 ;
768 1685 804 1730 vel
815 1686 881 1746 quod
891 1684 937 1731 sin·

542 1767 555 1790 a
570 1747 628 1809 gulis
642 1746 717 1792 verbis
732 1761 769 1792 res
784 1763 812 1791 ac
822 1756 897 1793 totum
907 1747 938 1792 si·

543 1828 555 1852 rr
568 1809 621 1854 mile
647 1808 765 1854 conficitur
785 1826 793 1864 ς
818 1809 855 1855 vel
876 1809 937 1881 qndd

542 1891 555 1913 α
568 1871 641 1916 omnis
648 1870 773 1928 translatio,
784 1886 835 1930 quae
845 1871 937 1932 (pridem

542 1953 555 1976 α
567 1943 656 1992 sumpta
668 1931 756 1978 ratione
767 1941 809 1991 est,
822 1933 852 1977 ad
863 1948 937 1979 uncus

542 2015 554 2037 ι(
566 1995 628 2054 ipsos
634 1995 774 2052 admovetur,
780 1994 878 2041 maxime
884 2010 937 2041 ocu·

542 2077 554 2101 «
565 2056 648 2116 lorum,
662 2055 703 2117 qui
713 2064 747 2101 est
761 2071 838 2102 sensus
851 2057 937 2104 acuri-

541 2138 554 2162 α
566 2135 622 2164 inus.
629 2141 638 2158 n
647 2117 825 2182 (Del’Orateur,
832 2116 936 2181 lll,xr..)

572 2187 594 2224 t.
622 2182 669 2226 Sed
695 2180 765 2223 etiem
791 2182 935 2225 rusticorum.

539 2241 687 2299 Marmontel,
704 2241 760 2286 dans
772 2256 806 2287 ses
816 2242 897 2289 Essais
907 2242 936 2287 de

541 2304 678 2361 litterature,
691 2320 704 2348 a
715 2303 814 2365 imagine
825 2320 869 2350 une
879 2318 936 2364 que-

538 2366 593 2412 relle
608 2366 637 2411 de
651 2365 754 2427 menage,
770 2366 826 2410 dans
840 2365 936 2426 laquelle

537 2428 569 2473 les
581 2428 656 2487 lpoux
672 2443 695 2473 se
712 2427 853 2488 prodiguent
862 2436 935 2474 tontes

537 2490 569 2535 les
589 2490 673 2552 ligures
694 2490 723 2534 dc
744 2488 890 2550 rhe'torique,
906 2488 935 2535 fi-

537 2567 604 2613 gures
616 2552 645 2597 de
660 2561 730 2609 muts,
743 2551 827 2613 figures
838 2552 866 2596 de
877 2567 934 2613 pen·

537 2613 592 2659 eles.
608 2612 705 2660 eictron
724 2612 798 2657 aurait
812 2614 885 2660 meme
903 2628 935 2674 pn

537 2674 587 2720 dire
598 2690 643 2735 qne
653 2675 674 2720 le
697 2675 793 2737 langage
810 2675 934 2737 dupeuple

536 2737 641 2798 prlsente
667 2736 796 2781 inliniment
829 2736 881 2796 plus
906 2737 934 2782 de

536 2799 680 2859 metaphores
694 2813 740 2859 que
754 2798 775 2843 le
785 2798 883 2861 langnge
894 2799 934 2844 des

535 2862 637 2906 hommes
647 2860 688 2920 qui
703 2868 745 2904 ont
759 2876 813 2923 recu
827 2876 872 2906 une
882 2876 932 2907 cer·

535 2923 596 2968 taine
608 2921 737 2968 dducrrtion.

568 2990 590 3029 2.
618 2982 700 3031 Atetta
725 2984 874 3045 transfirtur.
890 2986 932 3030 Les

534 3045 677 3106 mltaphores
692 3046 763 3105 qu'on
778 3045 823 3092 tire
838 3046 868 3091 de
877 3054 932 3116 trop

535 3108 597 3157 loin.
608 3108 653 3155 eet
663 3105 751 3169 emploi
760 3107 793 3151 dn
802 3106 939 3165 compununt
