2070 3524
291 199 294 204 ’
373 221 508 268 ouuron.
823 229 864 266 ιιι
954 251 957 256 .

11 336 140 412 dactylo,
151 355 236 413 quem
247 336 362 414 probat.
372 334 493 410 Syllabis
506 333 583 393 enim
593 335 753 394 metiendos
763 337 864 414 pedes,

10 448 72 486 non
78 428 239 486 intervallis
246 429 407 499 existimat3
424 430 502 507 quod
514 428 592 487 idern
606 429 674 488 facit
686 429 717 487 in
726 429 866 502 trochaeo,

11 521 64 598 qui
77 520 257 599 temporibus
274 533 303 579 ct
320 520 482 580 intervallis
499 533 543 580 est
559 541 614 600 par
628 521 745 581 iambo:
763 523 814 581 sed
832 543 867 580 eo

11 614 134 674 vitiosus
147 613 177 672 iu
189 615 331 688 oratione,
342 618 366 674 si
378 628 505 695 ponatur
513 628 673 687 extremus,
686 617 766 693 qubd
777 615 867 674 verba

12 708 117 767 melius
134 708 165 766 in
183 709 308 786 syllabas
320 708 465 784 longiores
477 709 596 766 cadunt.
613 713 707 784 Atque
718 707 792 778 haec,
803 729 866 785 quaa

12 818 79 864 sunt
99 807 178 883 apud
196 806 397 878 Aristotelem,
413 806 513 864 eadem
529 825 546 863 a
561 804 762 883 Theophrasto
774 807 868 864 Theo-

12 900 153 976 decteque
190 899 227 957 de
251 918 351 976 paeone
382 899 532 958 dicuntur.
556 903 618 978 Ego
650 910 747 956 autem
773 899 866 958 sentio

12 1010 113 1049 omnes
128 991 159 1050 in
171 992 301 1052 oratione
321 1012 383 1051 esse
401 991 483 1070 quasi
506 991 666 1070 permixtos
686 1002 715 1049 et
733 992 866 1050 confusos
912 1061 913 1064 Ἴ

12 1086 112 1162 pedes.
135 1089 194 1143 Nec
215 1086 292 1143 enim
314 1085 442 1162 effugere
465 1104 614 1164 possemus
639 1083 867 1144 animadversio·-

12 1195 90 1250 nem,
109 1175 132 1233 si
146 1195 261 1255 semper
272 1177 378 1236 eisdem
393 1191 557 1235 uteremur:
572 1174 641 1253 quia
655 1195 749 1254 neque
764 1197 865 1235 nume-

12 1289 79 1328 rosa
90 1288 164 1341 esse,
176 1281 209 1326 ut
221 1289 336 1346 poema,
349 1288 445 1346 neque
454 1281 538 1327 extra
546 1288 711 1341 numerum,
724 1282 758 1328 ut
771 1289 866 1327 sermo

11 1363 110 1440 vulgi,
129 1382 190 1420 esse
204 1362 291 1420 debet
304 1363 407 1422 oratio.
424 1362 555 1420 Alterum
567 1359 653 1418 nimis
665 1374 708 1419 est
722 1361 864 1434 vinctum,

11 1469 44 1514 ut
57 1457 94 1513 de
108 1455 252 1513 industria
268 1456 376 1513 factum
396 1465 550 1532 appareat;
562 1453 685 1512 alterum
703 1453 788 1512 nimis
808 1454 866 1512 dis·

10 1548 157 1623 solutum,
173 1560 206 1606 ut
225 1561 414 1626 pervagatum
429 1567 463 1604 ac
479 1547 600 1622 vulgare
612 1544 763 1619 videatur3
779 1558 811 1605 ut
829 1547 866 1605 ab

11 1641 103 1723 altero
123 1660 181 1698 non
201 1641 355 1713 delectere,
375 1640 498 1698 alterum
521 1637 628 1696 oderis.
650 1637 693 1696 sit
709 1638 808 1716 igitur,
832 1653 864 1697 ut

11 1734 100 1813 sopri
113 1732 185 1804 diri,
202 1733 346 1810 permixta
359 1746 388 1792 et
400 1745 561 1811 temperata
580 1732 719 1810 numeris,
736 1751 789 1790 nec
807 1731 865 1790 dis-

10 1827 181 1900 soluta‚·nec
195 1838 256 1886 tota
270 1845 435 1900 numerosa,
449 1845 549 1905 paeone
564 1824 690 1882 maxime
713 1824 863 1903 (qnoniam

10 1920 137 2000 optimus
152 1933 253 1979 auctor
267 1920 307 1978 ita
322 1920 447 2000 censet),
464 1919 515 1979 sed
529 1916 648 1995 reliquis
663 1917 750 1977 etiam
760 1937 862 1977 nume-

10 2014 63 2088 ris,
78 2032 151 2091 quos
162 2012 211 2070 illo
224 2014 369 2075 oratorio
387 2024 567 2090 temperata..

170 2274 214 2324 Du
225 2272 344 2337 melange
361 2271 407 2324 des
418 2271 542 2323 nombres
553 2283 626 2324 entre
638 2287 700 2326 eux.

49 2471 189 2528 XXVIII.
209 2472 287 2542 Quos
306 2481 403 2526 autem
424 2486 577 2538 numeros,
594 2487 662 2525 cum
682 2466 788 2545 quibus
803 2480 865 2526 tan·

9 2582 98 2640 quam
118 2582 278 2640 purpuram
301 2560 414 2619 misceri
436 2572 588 2639 oporteat,
610 2579 688 2617 nunc
709 2559 862 2617 dicendum

10 2669 66 2728 est,
85 2667 170 2732 atque
190 2655 276 2712 etiam
291 2653 395 2733 quibus
409 2652 548 2711 orationis
562 2651 716 2729 generibus
730 2650 787 2709 sint
800 2652 864 2729 qui-

10 2769 67 2827 que
82 2747 383 2806 accommodatissimi.
394 2745 511 2805 Iambus
522 2747 598 2804 enim
614 2743 863 2821 frequentissimus

10 2854 54 2900 est
64 2841 95 2900 in
108 2842 154 2913 iis,
169 2861 233 2919 quae
252 2841 378 2899 demisso
399 2853 485 2917 atque
500 2838 605 2897 humili
617 2855 749 2896 sermone
764 2837 865 2896 dicuu-

10 2950 76 3007 tur;
93 2955 177 3014 paeon
199 2948 296 2994 autem
314 2935 345 2992 in
371 2932 560 3011 amplioribus
580 2931 631 2990 :in
651 2944 775 3008 utroque
798 2933 864 2990 dac-

10 3029 98 3106 tylos.
115 3028 179 3085 Ita
172 3049 202 3086 m
218 3028 299 3086 varia
317 3038 346 3085 et
359 3031 500 3106 perpetua
514 3024 646 3084 oratione
662 3024 694 3083 hi
708 3036 774 3083 sunt
789 3023 864 3082 inter

10 3143 41 3181 se
59 3121 196 3180 miscendi
217 3134 245 3179 et
266 3118 460 3202 temperandi.
479 3117 529 3182 Sic
546 3117 673 3179 nimime
698 3114 892 3172 animabam-

10 3226 80 3271 etur
90 3214 294 3274 delectationis
309 3215 495 3299 aucupium,
507 3228 540 3278 et
553 3208 749 3295 quabranbae
763 3192 923 3258 orat'xoxbs
