2070 3524
424 200 558 246 ORATOR.
661 239 662 242 ,
872 204 915 246 ⁴³³

66 319 165 393 Neque
177 317 255 375 enim
269 337 331 376 esse
344 332 466 397 possunt
478 319 565 378 rebus
578 317 684 400 ignotis
696 333 765 380 nota
777 321 914 383 nomina:

66 411 117 468 sed
141 431 232 488 quum
256 411 344 493 verba
368 425 418 471 aut
446 411 598 472 suavitatis
621 426 672 473 aut
697 412 803 492 inopiae
831 422 917 473 causet

67 504 224 572 transferre
237 505 390 577 soleamus,
406 504 437 564 in
455 506 588 566 omnibus
601 507 658 566 hoc
677 509 709 566 fit
731 507 856 580 artibus,
871 520 917 580 ut,

65 618 155 675 quum
168 597 199 655 id
213 597 417 677 appellandum
431 599 480 671 sit,
496 602 709 680 quodpropter
725 621 824 660 rerum
837 600 916 680 iguo·

66 689 209 748 rationem
226 690 356 768 ipsarum
374 690 486 749 nullum
500 691 635 751 habuerit
648 694 715 752 ante
730 713 849 765 nomen,
863 711 917 752 ne-

65 782 183 840 cessitas
194 796 278 862 cogat
292 797 343 842 aut
355 804 465 843 novum
479 786 573 844 facere
587 785 720 859 verbum,
735 798 814 845 anta
830 780 917 846 simili

67 875 204 934 mutuari.

105 974 169 1043 Quo
180 981 281 1040 autem,
291 984 378 1049 pacto
395 972 496 1032 deceat
508 971 598 1030 incise
612 971 833 1032 membratimve
846 971 917 1044 dici,

62 1065 122 1138 jam
144 1063 325 1138 videbimus3
349 1087 439 1139 nunc,
463 1079 535 1145 quot
559 1067 653 1126 modis
671 1079 822 1125 mutentur
840 1087 917 1124 com-

64 1156 270 1235 prehensiones
293 1158 562 1238 conclusionesque,
585 1159 740 1218 dicendum
763 1171 817 1220 est.
840 1158 917 1218 Fluit

65 1248 182 1308 omnino
205 1271 343 1309 numerus
366 1252 500 1331 aprimo
518 1266 582 1312 tum
606 1252 753 1311 incitatius
773 1251 917 1311 brevitate

20 1381 27 1414 J
64 1343 185 1420 pedum,
206 1354 269 1399 tum
293 1336 469 1420 proceritate
495 1343 619 1401 tardius.
645 1346 768 1401 Cursum
795 1355 917 1402 couten-

65 1434 158 1493 tiones
189 1436 279 1511 magls
306 1434 476 1511 requirunt,
501 1433 695 1512 expositiones
725 1454 825 1493 rerum
855 1448 917 1494 tar·

66 1526 197 1585 ditatem.
229 1525 340 1586 Insistit
363 1540 459 1586 autem
486 1527 611 1586 ambitus
643 1526 738 1586 modis
764 1527 917 1608 pluribus,

67 1636 82 1673 e
117 1614 221 1692 quibus
251 1635 342 1674 unum
375 1629 419 1675 est
449 1630 546 1676 secuta
571 1616 640 1674 Asia
676 1615 824 1688 maxime,
866 1616 918 1695 qui

66 1705 220 1765 dichoreus
238 1720 374 1780 vocatur,
396 1727 487 1784 quum
502 1708 562 1765 duo
584 1706 707 1766 extremi
728 1705 827 1765 chorei
838 1718 917 1778 sunt,

66 1799 97 1858 id
119 1813 162 1859 est
190 1820 206 1858 e
239 1800 358 1881 singulis
385 1800 478 1880 longis
510 1813 540 1861 et
570 1799 719 1862 brevibus.
754 1799 916 1879 Explanan-

66 1892 136 1949 dum
150 1903 193 1950 est
208 1889 298 1962 enim,
311 1893 390 1967 qudd
410 1894 447 1952 ab
460 1893 525 1952 aliis
536 1893 624 1952 iidem
636 1894 727 1972 pedes
745 1892 808 1951 aliis
820 1892 918 1951 nomi·

67 1998 174 2045 uantur
188 1984 348 2044 vocubulis.
364 1986 526 2046 Dichoreus
545 1999 660 2045 nonest
673 1984 722 2044 ille
736 1984 854 2063 quidem
867 1992 918 2044 sut

67 2091 170 2158 sponte
185 2077 307 2136 vitiosus
319 2077 350 2136 in
361 2078 513 2152 clausulis3
531 2077 625 2139 sedin
642 2076 782 2137 orationis
796 2097 917 2136 numero

67 2172 139 2232 nihil
158 2185 201 2230 est
223 2184 282 2230 tam
304 2170 451 2242 vitiosum,
473 2174 560 2248 quum
581 2169 604 2228 si
628 2190 741 2248 semper
762 2183 806 2228 est
826 2170 915 2231 idern.

521 2429 534 2452 ι
549 2408 607 2454 nihil
630 2406 736 2455 efficient.
755 2407 785 2454 Id
803 2405 874 2464 euim,
898 2411 919 2455 0

69 2439 81 2462 ιι
98 2417 186 2472 cisum,
211 2422 320 2474 quantum
348 2427 398 2459 meu
424 2411 468 2457 sert

520 2490 534 2515 ιι
549 2469 646 2519 callidos
662 2469 777 2515 homines!
794 2469 919 2529 perfectum

68 2499 82 2524 α
98 2479 189 2539 opinio,
205 2476 248 2522 erit
264 2489 342 2521 seusus
358 2490 406 2519 non
423 2488 467 2519 ex-

70 2564 81 2585 «
97 2542 160 2602 pleto
191 2553 287 2583 numero
314 2537 435 2582 conclusus
459 2552 465 2581 ι

72 2624 82 2648 :‹
98 2603 211 2663 plerisque
226 2616 278 2662 paru
290 2598 394 2644 membri.
412 2598 467 2643 Tule

72 2687 81 2709 :‹
98 2676 132 2711 cst
144 2666 214 2723 enim,
229 2679 276 2724 quo
286 2661 366 2708 Cicero
376 2659 448 2705 utitur
459 2677 466 2706 ε

71 2747 82 2771 ιι
98 2730 184 2772 Domus
197 2726 239 2771 tibi
253 2724 349 2770 deerat?
360 2731 387 2768 at
401 2720 469 2767 hobe-

70 2810 82 2833 ιι
100 2790 148 2834 bas.
165 2788 267 2835 Pecunia
285 2785 426 2848 superabat?
442 2794 468 2829 ot

70 2873 82 2895 ιι
99 2851 187 2912 egebas.
210 2850 280 2895 Fiunt
302 2859 377 2894 uutem
401 2847 468 2892 etium

70 2933 82 2957 u
99 2912 196 2974 singulis
214 2911 288 2958 verbis
308 2911 394 2967 inciso,
417 2919 465 2956 ut:

71 2975 219 3036 «Diximus,
244 2983 313 3019 testes
329 2972 384 3017 dare
402 2971 466 3016 votu-

70 3058 82 3080 «
99 3052 157 3081 mus.
175 3037 274 3082 lucinum
293 3045 337 3095 est,
354 3033 465 3079 diximus.

70 3120 83 3142 ιι
99 3097 230 3144 Membrum
245 3106 320 3151 uutcru
338 3105 372 3141 est
389 3110 467 3142 seusus

69 3182 82 3205 ιι
99 3158 199 3205 numeris
208 3160 335 3219 conclusus,
343 3159 383 3205 sed
394 3166 468 3204 utoto

521 2552 534 2577 ιι
550 2543 584 2579 est
599 2551 605 2580 ι
621 2541 645 2578 ut
662 2541 773 2578 remotum
793 2547 807 2576 ιι
825 2531 917 2590 ceteris,

520 2615 534 2640 ιι
551 2595 665 2643 vim'non
684 2595 769 2653 habet;
793 2603 819 2639 ut
835 2609 877 2652 per
895 2609 920 2639 se

522 2679 535 2702 ιι
550 2673 638 2715 munus,
654 2667 678 2704 et
691 2671 739 2717 pes,
758 2665 782 2701 ct
797 2665 875 2714 caput,
896 2665 920 2701 et

521 2739 534 2764 ιι
551 2736 590 2767 os:
602 2729 632 2780 et,
641 2722 716 2766 Orem
727 2717 897 2777 excogitatam!
905 2733 919 2762 o

521 2801 534 2826 ιι
550 2783 642 2843 ingenia
662 2779 800 2826 metuenda!
819 2780 918 2837 Quando

520 2864 534 2889 ιι
550 2843 919 2908 ergoiueipitcorpueeseetquum

520 2925 534 2951 ιι
550 2906 612 2952 venit
640 2915 739 2951 extreme
766 2904 882 2951 conclusio
910 2919 917 2949 ι

521 2989 532 3011 ιι
552 2972 632 3027 Quem,
640 2983 725 3030 queso,
732 2966 835 3012 nostram
841 2965 918 3026 sesel-

522 3052 532 3074 ιι
549 3030 586 3092 lie,
600 3029 626 3075 id
638 3045 675 3075 voe
688 3030 723 3075 ita
737 3045 784 3075 esse
793 3029 918 3090 suetum?

520 3108 620 3153 «quum
651 3091 729 3138 Cicero
763 3089 921 3135 brevissimum

521 3175 536 3200 u
550 3164 633 3216 putot..
646 3172 663 3196 τι
671 3148 937 3212 &intumulatum-

65 3244 79 3267 «
96 3237 193 3283 corpore
210 3222 334 3286 abruptus,
350 3233 374 3270 et
390 3237 436 3287 per
448 3237 474 3269 n
530 3220 592 3268 tinus
603 3205 871 3272 Orotoiresffi-‚WX
