2070 3524
91 270 120 310 ⁸8
451 260 583 307 ORATOR.

91 393 199 453 autem,
211 379 299 456 quam
309 377 393 446 illud,
406 376 442 434 de
450 396 509 454 quo
516 375 576 448 jam
585 373 709 442 dicetur,
722 364 943 451 amplissimum.

93 478 156 532 Hoc
179 472 210 530 in
229 489 335 547 genere
353 489 511 528 nervorum
533 467 579 527 vel
602 465 772 536 minimum,
794 460 944 522 suavitatis

93 579 189 625 autem
201 576 244 622 est
256 563 302 621 vel
314 562 483 642 plurimum.
497 567 547 619 Est
560 560 636 619 euim
648 558 775 639 plenius,
789 559 880 636 quiem
891 556 945 615 huc

94 657 276 718 enucleatum
286 678 292 714 :
302 653 571 734 quamautomillud
580 664 715 711 ornatum
724 649 944 730 copiosumque,

95 749 282 810 summissius.
304 750 380 805 Huic
399 747 496 805 omnia
511 746 626 805 dicendi
644 756 817 803 ornamenta
840 760 945 802 conve-

94 845 189 914 niunt,
210 842 423 922 plurimumque
437 840 523 898 estin
538 840 593 897 hac
612 836 751 897 orationis
768 837 865 895 forma
880 853 946 895 sua-

95 937 203 995 vitatis.
223 939 258 992 ln
275 939 332 1011 qua
351 932 434 990 multi
453 932 614 990 floruerunt
633 932 712 1011 apud
735 931 854 989 Graeoos
872 950 881 991 z
897 922 946 988 setl

95 1030 251 1088 Phalereus
268 1026 452 1084 Demetrius¹
470 1024 657 1098 meoiudicio
675 1022 810 1104 praestitit
827 1019 945 1096 ceteris3

95 1120 176 1200 cujus
197 1120 291 1177 oratio
314 1138 404 1196 quum
427 1117 524 1175 sedato
547 1117 719 1197 placidoque
741 1115 863 1187 labitur,
887 1126 947 1173 tum

96 1213 240 1272 illustrant
251 1230 326 1284 eam,
343 1209 425 1288 quasi
441 1209 530 1269 stellae
543 1212 687 1286 quaedam,
703 1210 845 1286 translata
858 1205 948 1267 rerba

60 1343 63 1349 -
98 1319 183 1384 atque
196 1304 359 1361 immutata.

137 1397 286 1455 Translata
295 1416 329 1455 ea
344 1395 421 1466 dieo,
431 1409 463 1453 ut
475 1415 548 1474 saepa
560 1393 633 1474 jam,
646 1413 709 1470 quae
721 1392 948 1472 persimilitudi-

96 1511 163 1550 nem
170 1491 320 1563 abaham,
330 1502 380 1548 aut
388 1490 547 1562 suavitatis,
557 1485 716 1565 autinopiae
725 1488 949 1559 causutranste

97 1595 341 1657 runtur3mutata‚
352 1581 382 1639 in
395 1581 498 1661 quibus
509 1602 562 1660 pro
572 1579 661 1638 verbo
671 1579 791 1658 proprio
798 1578 950 1660 subjicitur

96 1675 186 1749 aliud,
196 1677 274 1753 quod
283 1674 361 1733 idem
368 1675 519 1751 significet,
528 1686 676 1752 sumptum
688 1692 724 1730 ex
731 1692 763 1730 re
774 1672 875 1750 aliqua
882 1694 951 1733 con·

97 1767 239 1844 sequenti.
254 1768 339 1840 Quod
349 1786 513 1844 quanquam
523 1767 723 1824 transferendo
733 1766 776 1839 fit,
785 1779 884 1826 tamen
892 1765 950 1827 alio

99 1859 183 1918 modo
195 1857 351 1929 transtulit,
365 1878 455 1935 quum
465 1858 537 1917 dixit
544 1857 664 1933 Ennius,
673 1884 687 1911 α
698 1879 794 1918 arcem
802 1872 833 1918 et
847 1859 950 1921 urbem

99 1951 184 2010 orbas
194 1974 200 2009 :
209 1977 224 2004 a
237 1950 293 2009 alio
300 1951 398 2023 modu,
408 1950 492 2029 sipro
505 1951 598 2030 patria
612 1978 626 2004 ι(
639 1972 756 2010 arcemn
771 1949 952 2031 dixisset3et

100 2071 113 2099 a
126 2045 274 2103 horridam
286 2043 414 2120 ulfricum
428 2045 550 2103 terribili
566 2059 688 2105 tremere
701 2045 848 2104 tumultu»
861 2064 951 2123 quum

98 2137 178 2208 dicit,
193 2157 246 2215 pro
261 2160 275 2188 a
286 2135 386 2194 Afris»
402 2135 536 2196 immutat
550 2136 709 2197 «Africam.
723 2163 734 2189 ι
747 2143 830 2200 Hanc
843 2137 951 2219 hypalss

98 2229 183 2308 lagen
199 2230 348 2300 rhetores,
369 2229 436 2309 quia
454 2230 535 2307 quasi
553 2240 768 2288 summutantur
788 2227 880 2288 verba
897 2248 951 2308 pro

99 2323 212 2393 verbis,
230 2323 396 2399 μετωνυμίαν
412 2322 592 2402 grammatici
609 2333 724 2391 vocant,
741 2318 948 2397 quhdnomina

98 2416 322 2476 transferuntur.
333 2412 501 2472 Aristoteles
512 2427 608 2472 autem
619 2411 803 2471 translationi
813 2413 876 2473 haee
890 2414 952 2492 ipsa

99 2506 255 2586 subjungit,
272 2519 301 2564 et
315 2504 483 2564 abusionem
493 2506 516 2580 ²,
536 2528 624 2586 quam
641 2506 805 2585 aerumma
822 2518 950 2568 vocanta

132 2711 152 2748 t.
170 2702 300 2750 Demetrius
313 2703 342 2747 da
356 2700 460 2759 Phalera,
475 2702 497 2747 le
552 2701 641 2747 lument
665 2717 716 2748 sana
733 2700 810 2748 raleur
826 2718 873 2748 aux
893 2717 953 2764 yeux

98 2765 188 2826 dernier
213 2766 252 2810 des
270 2774 372 2810 orateurs
389 2763 495 2823 attiques.
552 2765 580 2810 de
593 2764 712 2810 l’histoire.

98 2827 140 2871 Elu
161 2828 270 2872 archonte
296 2826 416 2881 decennal,
445 2841 498 2871 sous
584 2834 606 2870 2.
619 2827 765 2873 Abusionem.
779 2825 907 2884 Quintilian
920 2834 954 2872 est

97 2886 223 2934 l‘iulluenoe
237 2890 277 2933 des
293 2887 461 2944 Macedonium,
481 2888 497 2933 il
551 2888 603 2947 plue
613 2888 736 2951 rigoureux
757 2890 812 2934 dans
829 2905 853 2934 su
871 2887 953 2935 dafini-

98 2950 229 2995 administra
247 2950 279 2995 les
295 2949 384 2994 almires
402 2950 497 2996 dhane·
550 2950 602 2995 tion
623 2952 652 2996 de
672 2951 833 2997 laeataelrriae
849 2971 854 2999 ι
873 2968 887 2994 u
900 2949 954 2996 Die-

98 3028 138 3057 nes
151 3013 180 3057 de
198 3017 242 3057 318
264 3011 277 3056 a
296 3016 349 3056 ³08.
365 3014 408 3057 Les
426 3014 497 3058 luuu-
553 3031 566 3054 u
579 3013 717 3059 ceruendum
735 3022 769 3058 est
786 3013 832 3058 hoe
852 3022 954 3058 totumu

98 3074 163 3121 uicus
188 3073 220 3120 lui
253 3074 378 3131 elevarent,
405 3075 495 3134 ‹lit-on,
553 3093 565 3117 u
579 3075 724 3120 translatione
734 3091 817 3137 genus5
832 3076 897 3135 quod
912 3074 954 3119 ab·

98 3136 156 3183 trois
174 3146 226 3183 ount
247 3136 350 3182 soixante
367 3145 451 3183 statues
470 3138 498 3183 de
553 3138 629 3182 «usio
644 3146 689 3192 est,
712 3136 752 3181 ubi
765 3150 849 3182 nomen
866 3136 954 3197 deluit3

95 3200 193 3261 brom
220 3198 277 3246 mais
302 3214 339 3246 ces
366 3199 500 3263 homrnnges
555 3198 699 3243 :translatio
728 3197 772 3242 uhi
800 3198 866 3243 attur
900 3198 955 3243 (uit,

85 3262 142 3307 dim
157 3263 248 3325 peuple
259 3262 347 3312 asserti
359 3274 416 3313 sont
428 3264 501 3313 ubso-
558 3282 573 3305 u
585 3264 649 3308 uam
673 3267 751 3319 notata
772 3258 852 3302 sutem
874 3256 970 3300 uiuum&
