2070 3524
92 115 120 153 98
450 108 582 155 ORATOR.

96 249 109 275 α
123 222 246 281 maxillis
259 247 273 275 a
285 234 314 280 et
330 248 344 275 a
360 221 489 280 taxillis»
505 234 534 279 et
550 246 564 273 α
578 220 685 279 vexillo
703 243 715 273 r
734 232 763 278 et
779 245 794 272 ι
806 218 931 298 paxillo»

92 318 268 375 consuetudo
286 317 401 393 elegans
419 315 501 374 latini
519 315 659 373 sermonis
677 313 786 372 evellit.
804 312 933 373 Libenter

93 409 178 468 etiarn
196 409 358 488 copulando
378 408 470 467 verba
487 407 657 485 jungebant,
672 419 705 464 ut
723 432 736 459 α
757 406 843 465 sodes
860 430 872 461 s
888 426 933 485 pro

2 519 6 526 ·
97 529 111 555 α
126 501 149 558 si
167 503 271 575 audes,
294 527 307 553 n
339 526 353 554 α
374 501 413 560 sis
435 525 450 554 w
473 519 529 578 pro
555 525 569 552 α
590 499 688 559 siris.
710 525 724 553 ι
749 502 814 557 Jarn
834 499 864 558 in
884 518 932 557 uuo
969 540 973 549 -

97 595 233 675 ucapsis1
254 621 266 648 υ
283 594 338 653 tria
352 592 443 653 verba
459 604 538 653 sunt.
559 618 572 645 «
590 589 655 651 Ain’
672 618 686 644 o
708 612 764 670 pro
782 619 796 645 α
812 591 905 668 aisne,
919 616 928 646 ι

97 715 111 744 α
125 689 246 766 nequire
263 715 276 741 n
294 709 349 768 pro
370 715 383 743 a
401 708 460 746 non
474 687 570 765 quire,
587 713 601 738 ι)
622 711 636 739 s
651 685 766 744 malle»
785 706 839 765 pro
855 706 931 744 rura·

95 781 138 861 gis
152 782 245 854 velle,
268 807 281 833 n
309 809 320 833 n
341 781 418 840 nolle
434 807 445 831 »ι
464 800 519 859 pro
540 806 554 832 α
576 799 637 838 non
657 779 748 854 velle,
771 805 785 831 ι
809 806 824 833 ι
840 780 928 839 dein·
974 798 979 859 ξ

95 876 181 934 etiam
198 893 274 954 saepc
288 887 317 934 et
334 901 348 928 a
365 874 433 932 exin
448 898 462 926 s
478 893 535 952 pro
551 897 566 926 κ
582 872 687 931 deinde
700 897 715 926 s
731 885 761 931 et
778 899 793 927 α
809 873 928 933 exinde»

96 969 228 1026 areima.
244 967 339 1042 Quina
356 968 428 1026 uua
445 986 507 1026 non
522 966 580 1026 orer
593 967 671 1026 unae
685 966 732 1038 ut,
748 967 829 1045 quoa
841 967 932 1026 unu

100 1061 271 1134 «cumillis,
288 1087 302 1114 s
323 1088 336 1114 a
350 1083 416 1120 cum
434 1089 447 1116 a
469 1073 564 1120 autem
587 1087 601 1115 α
616 1060 699 1119 nobis
716 1087 730 1113 ι
750 1079 811 1120 non
827 1060 931 1141 dicitur,
976 1062 979 1137 ξ

97 1157 149 1214 sed
170 1181 181 1206 α
200 1153 368 1214 nobiscum?
389 1156 491 1234 »quia
510 1155 534 1213 si
553 1155 592 1213 ita
612 1155 770 1225 diceretur,
795 1152 933 1213 obscenius

97 1261 303 1310 concurrerent
316 1247 429 1324 litterae,
441 1261 474 1308 ut
490 1249 575 1307 etiam
588 1248 674 1306 modb
686 1247 709 1319 ²,
722 1247 778 1306 nisi
792 1274 808 1303 a
823 1261 931 1307 autem»

97 1342 349 1422 interposuissent,
366 1340 588 1401 concurrissent.
604 1346 648 1398 Ex
662 1359 697 1398 eo
711 1352 756 1398 est
770 1366 784 1394 t
800 1360 909 1400 mecum
921 1365 932 1392 ι

98 1448 126 1493 et
141 1460 153 1487 ι
170 1447 277 1507 tecum,
295 1460 308 1487 »
326 1454 385 1494 non
402 1461 416 1487 α
434 1455 500 1492 curn
514 1454 561 1492 me
577 1459 591 1487 a
609 1446 638 1492 et
655 1459 669 1486 a
685 1453 752 1491 cum
769 1446 810 1507 te,
829 1459 843 1486 s
858 1444 936 1491 ntes·

98 1539 141 1585 set
155 1527 246 1585 simile
258 1527 315 1585 illis
331 1552 345 1579 α
362 1526 513 1586 vobiscum
532 1553 544 1575 ι»
564 1547 597 1584 ac
614 1551 628 1579 ι
645 1524 808 1588 nobiscum.
829 1552 842 1579 s

136 1623 231 1697 Atque
245 1620 332 1678 etiam
354 1640 372 1678 a
395 1620 568 1697 quibusdam
587 1617 653 1678 serb
674 1617 759 1698 jam⁸
779 1619 939 1679 emendatur

99 1711 266 1790 antiquitas,
284 1713 334 1791 qui
349 1712 411 1772 haec
427 1714 653 1793 reprehendunt.
672 1715 746 1771 Nam
759 1734 816 1794 pro
835 1739 849 1767 a
864 1713 940 1771 decu

97 1796 184 1883 etque
210 1805 362 1864 hominum
389 1805 498 1882 fidem,
522 1834 536 1860 s
568 1809 722 1866 «deorum
740 1832 755 1859 a
790 1807 882 1866 aiunt.
904 1810 941 1863 lta

100 1899 187 1957 credo
201 1920 208 1958 :
222 1898 277 1956 hoc
291 1898 333 1956 illi
347 1898 527 1975 nesciebant3
542 1899 599 1958 anl
613 1900 701 1959 dabat
713 1899 792 1958 banc
805 1897 941 1961 licentiam

552 2135 574 2182 le
597 2139 684 2181 Brutus
704 2149 750 2181 une
770 2133 866 2181 histoire
886 2134 943 2180 d'sa-

103 2134 200 2196 unisque
216 2133 377 2192 subrusticum,
392 2134 438 2180 alit
450 2135 500 2196 qui·

552 2198 633 2244 dience
650 2212 710 2243 assez
731 2194 944 2258 prusammruia

102 2215 115 2240 α
129 2199 182 2242 dem
195 2197 259 2256 quasi
268 2196 356 2244 incultl
369 2207 393 2244 et
404 2197 501 2244 silvestri

101 2278 115 2303 α
129 2258 166 2304 vit
183 2261 211 2304 ad
225 2261 329 2304 eamdem
343 2259 434 2304 laudem
446 2276 500 2320 per-

103 2340 116 2364 «
130 2330 229 2369 venerat.
242 2339 256 2363 »
272 2320 374 2382 (Brutus,
386 2322 480 2395 nxxrv.)

134 2389 156 2427 l.
171 2383 264 2444 Capris,
280 2399 340 2444 pour
352 2399 407 2442 cape
423 2385 444 2428 si
456 2401 498 2430 vts.

100 2443 263 2503 -Quintilien
281 2460 351 2506 pense
364 2459 409 2505 que
426 2448 501 2507 capsis

103 2507 164 2554 vient
173 2509 202 2554 de
215 2523 282 2568 capso
297 2523 358 2567 pour
366 2523 452 2567 cepero.

133 2568 498 2624 2.Etiammodb,toutal'heure.

102 2633 190 2736 qIVoyez
200 2648 229 2678 en
239 2631 293 2678 ellet
299 2632 359 2676 deux
366 2631 438 2694 lignes
449 2634 500 2694 plus

119 2703 165 2739 aut.

134 2697 241 2800 3.)Serb
256 2755 318 2816 jam.
334 2755 430 2802 Ciceron
450 2757 499 2804 btt-

102 2831 137 2861 me
147 2816 168 2862 le
179 2816 280 2876 purisme
293 2818 388 2881 exegere
404 2820 433 2866 de
442 2835 497 2866 ceux

101 2877 142 2939 qui
153 2878 325 2924 n’admettaient
337 2895 378 2940 pas
391 2897 428 2927 ces
443 2898 499 2929 con-

102 2939 218 2986 tractioris.
238 2943 270 2987 La
287 2941 344 2988 tutte
360 2943 440 2990 n'ctait
459 2962 499 3006 pas

102 3002 176 3049 moins
199 3003 250 3049 vire
268 3020 297 3048 au
321 3005 379 3066 sujet
400 3007 440 3053 des
461 3008 498 3053 di-

554 2278 568 2304 s
579 2258 662 2306 Rusius
681 2270 798 2306 accusator
809 2269 885 2318 vetus,
904 2272 945 2319 quo

555 2343 566 2365 a
577 2321 945 2381 accusanteC.Rutilium,Siscnm

553 2403 567 2429 u
579 2384 704 2432 defendens
713 2384 775 2431 dixit
788 2387 893 2446 quasdam
905 2384 946 2443 eiu

553 2467 567 2492 «
579 2447 705 2509 sputatilica
717 2463 766 2494 esse
777 2447 882 2494 crimina.
895 2448 946 2494 'lun

553 2528 566 2554 u
578 2512 606 2557 G.
614 2509 947 2567 Rusius:«Circnmvenior,rn-

554 2571 639 2633 «quit,
651 2572 747 2633 judices,
759 2572 806 2619 nisi
817 2568 946 2618 subvenitis.

553 2635 684 2693 «Sisenna,
700 2634 758 2696 quid
771 2634 847 2693 dicas,
862 2631 946 2687 nescim

553 2716 567 2741 α
580 2709 656 2743 metuo
683 2697 778 2742 insidias
792 2716 799 2753 ;
813 2694 946 2757 spontino,

553 2778 566 2803 a
581 2760 637 2821 quid
649 2770 682 2807 est
691 2761 754 2805 hoc?
766 2768 833 2821 sputa
845 2757 902 2819 quid
913 2755 947 2810 sit,

554 2842 567 2867 a
580 2822 640 2882 scio;
657 2821 718 2868 tilica
731 2822 820 2868 neseio.
833 2840 847 2863 o
859 2816 948 2866 Maxinri

553 2904 566 2929 α
578 2885 637 2931 risus
650 2905 656 2943 ς
670 2885 710 2930 sed
733 2883 771 2930 ille
789 2895 867 2930 tamen
886 2879 948 2927 farni-

553 2947 639 2992 «liaris
653 2962 715 2992 meus
733 2946 796 2993 recte
809 2944 876 3007 loqui
885 2953 948 3005 putr-

553 3009 618 3054 «bnt
641 3025 700 3068 esse,
723 3006 831 3055 inusitatb
852 3006 947 3069 loqui-⁸

93 3066 198 3114 minutir‘s
218 3084 248 3114 ou
267 3068 311 3116 des
329 3071 502 3136 augmentatils.
556 3072 773 3133 lbrutusmqu

84 3128 183 3179 Cisbrou
193 3143 295 3182 racontc
306 3132 319 3181 ir
330 3150 359 3184 ce
374 3135 434 3199 sujet
448 3135 508 3182 dans
596 3138 622 3179 t.
646 3133 694 3194 Aa,
704 3147 738 3176 ou
748 3128 879 3189 seut-bm-
