2062 3510
420 174 553 219 ORATOR.
878 180 908 222 ⁴³

58 287 202 370 capiendi,
216 288 374 365 loquuntur
381 310 391 362 3
399 299 432 345 ut
440 287 471 344 in
480 287 596 367 eoipso,
606 288 683 367 quhd
691 291 908 351 delectationem

41 383 186 460 ¹aliquam
204 381 327 441 dicendo
347 394 537 460 aucupentur,
554 382 618 461 plus
638 384 799 457 nonnullis,
821 390 907 462 quim

57 495 176 535 necesse
188 476 235 548 sit,
249 475 343 533 facere
355 475 516 533 videantur.
531 481 608 552 Ergo
617 476 653 534 ab
663 476 718 534 hoc
733 497 839 553 genere
851 499 908 536 non

57 568 176 631 difficile
192 581 234 627 est
246 568 321 626 hanc
339 567 547 645 eloquentiam,
565 571 602 627 de
624 576 683 647 qua
703 592 780 630 nune
801 571 907 648 agitur,

58 681 222 722 secernere.
241 660 335 719 Mollis
357 673 400 720 est
418 646 494 719 enim
515 661 607 719 oratio
622 661 861 741 philosophorum
880 677 910 723 et

59 754 234 837 umbratilis,
249 774 302 815 nec
316 754 464 813 sententiis
479 774 534 818 nec
548 753 645 812 verbis
655 754 793 813 instructa
809 778 907 837 popu·

59 847 182 927 laribus,
196 867 249 907 nec
261 846 357 905 vineta
368 844 507 926 numeris,
520 848 571 905 sed
584 846 678 905 soluta
692 846 825 921 liberihs3
837 849 908 908 nihil

57 941 166 1001 iratum
179 940 276 1015 habet,
295 938 367 999 nihil
383 939 526 1018 invidum,
543 937 614 997 nihil
628 951 722 1013 atrox,
737 940 809 998 nihil
823 942 909 1002 mise·

56 1033 161 1110 rabile,
175 1033 247 1093 nihil
259 1045 402 1107 astutum;
419 1045 507 1108 casta,
525 1036 698 1115 verecunda,
715 1034 796 1112 virgo
810 1035 909 1095 incor-

59 1141 145 1209 rupta
172 1117 395 1207 quodammodo.
428 1131 529 1204 Itaque
559 1147 653 1185 sermo
681 1128 794 1208 potihs,
822 1132 909 1208 qulm

57 1221 163 1299 oratio,
176 1220 295 1279 dicitur.
310 1224 480 1297 Quanquam
496 1219 572 1279 enim
588 1221 681 1279 omnis
696 1221 802 1281 locutio
815 1225 910 1283 oratio

58 1329 114 1391 est,
129 1328 227 1373 tamen
239 1313 325 1373 uuiu's
339 1314 462 1373 oratoris
475 1313 583 1372 locutio
597 1314 652 1372 hoc
665 1316 786 1396 proprio
800 1316 910 1394 signata

57 1407 178 1468 nomine
197 1421 250 1468 est.

100 1501 312 1581 sophistarum,
334 1498 493 1578 dequibus
511 1501 597 1577 snprh
614 1499 689 1573 dixi,
704 1499 795 1578 magis
806 1501 910 1561 distin·

59 1595 192 1675 guenda¹
204 1593 361 1653 similitudo
373 1593 498 1673 videtur,
511 1592 561 1671 qui
572 1613 672 1651 omnes
683 1595 799 1653 eosdem
812 1595 912 1655 volunt

59 1688 158 1760 llores,
177 1707 259 1766 quos¹
271 1686 389 1746 adhibet
401 1699 500 1746 orator
519 1686 669 1759 incensis,
689 1689 836 1767 persequi.
855 1690 912 1749 Sed

60 1783 116 1841 hoc
136 1778 284 1855 differunt,
308 1776 397 1857 quhd‚
414 1800 504 1857 quum
527 1780 564 1838 sit
586 1779 631 1838 his
653 1781 832 1859 propositum
853 1802 909 1840 non

59 1874 233 1956 perturbare
248 1872 369 1947 animos,
390 1874 440 1931 sed
454 1872 569 1953 placare
582 1873 689 1951 potius,
706 1893 761 1930 nec
773 1885 832 1932 tam
845 1893 912 1953 per·

59 1969 195 2042 suadere,
207 1968 294 2044 qnlm
303 1965 458 2038 delectare,
472 1978 502 2024 et
511 1965 638 2045 apertius
648 1964 678 2024 id
691 1965 809 2039 faciunt,
823 1969 911 2044 qulm

59 2081 125 2133 nos,
136 2071 166 2120 et
175 2058 317 2132 crebrihs3
327 2059 482 2117 concinnas
487 2056 578 2136 magis
583 2057 737 2117 sententias
742 2059 910 2137 exquirunt,

60 2156 151 2233 quam
166 2151 347 2232 probabiles3
365 2173 382 2210 a
396 2172 428 2210 re
446 2172 521 2232 saepe
539 2153 705 2223 discedunt,
720 2153 853 2212 intexunt
868 2155 881 2211 l
897 2188 912 2198 -

61 2246 159 2316 bulas,
174 2243 261 2303 verba
281 2244 365 2302 altius
380 2244 567 2319 transferunt,
582 2263 675 2321 eaque
686 2242 727 2302 ita
746 2244 911 2323 disponunt,

62 2353 96 2399 ut
111 2337 235 2419 pictores
247 2338 417 2397 varietatem
432 2337 578 2413 colorum;
598 2338 682 2417 paria
699 2337 819 2417 paribus
835 2338 882 2397 ref
898 2372 914 2382 -

62 2446 143 2507 runt,
160 2433 279 2492 adversa
296 2432 459 2505 contrariis,
476 2430 693 2513 saepissimeque
710 2433 841 2492 similiter
858 2452 913 2490 ex-

62 2539 156 2585 trema
170 2524 320 2587 deliniunt.

101 2620 178 2678 Huic
190 2619 290 2696 generi
300 2616 420 2676 historia
439 2616 559 2677 finitima
570 2631 630 2692 est,
648 2617 679 2676 in
693 2620 752 2694 qua
765 2629 794 2676 et
808 2638 912 2675 narra·

62 2724 111 2771 tur
122 2714 237 2786 ornate,
251 2725 280 2770 et
290 2711 370 2788 regio
385 2730 460 2792 saepe
477 2724 529 2771 ant
543 2732 642 2792 pugna
660 2710 831 2770 describitur
843 2736 851 2786 ;
866 2713 913 2770 in-

63 2816 259 2884 terponuntur
272 2805 357 2863 etiam
376 2805 530 2864 conciones
549 2819 577 2865 et
597 2805 797 2864 hortationes:
820 2805 912 2864 sedin

64 2896 110 2955 his
130 2896 246 2956 tracta²
267 2898 399 2975 quaedam
422 2910 451 2957 et
472 2896 564 2958 lluens
590 2899 749 2978 expetitur,
772 2918 830 2958 non
852 2899 913 2956 haec

97 3072 120 3110 t.
131 3064 310 3126 Distinguenda.
323 3065 343 3111 ll
350 3063 398 3110 faut
407 3065 463 3110 s’ex-
520 3065 699 3114 cretensium
706 3083 746 3113 sur
752 3075 816 3115 cette
820 3072 938 3126 qnesunn

64 3127 158 3188 pliquer
166 3128 235 3173 surla
247 3127 409 3175 ressemhlance
422 3145 464 3192 ap-
519 3131 544 3178 le
557 3133 662 3196 Gorgias
673 3133 705 3180 de
712 3132 818 3178 Pluton.

55 3198 152 3246 parente
172 3189 213 3233 dea
228 3190 343 3271 sqphistes
360 3209 418 3243 avec
431 3195 465 3243 les
559 3203 587 3247 ἵ.
608 3200 721 3258 Tracta,
737 3196 801 3240 huns
813 3191 845 3237 le
863 3198 923 3231 tm
941 3181 977 3222 Μ
