<?xml version="1.0" encoding="UTF-8"?>
<!DOCTYPE html PUBLIC "-//W3C//DTD XHTML 1.0 Transitional//EN"
    "http://www.w3.org/TR/xhtml1/DTD/xhtml1-transitional.dtd">
<html xmlns="http://www.w3.org/1999/xhtml" xml:lang="en" lang="en">
 <head>
  <title>
</title>
<meta http-equiv="Content-Type" content="text/html;charset=utf-8" />
  <meta name='ocr-system' content='tesseract 3.04.00' />
  <meta name='ocr-capabilities' content='ocr_page ocr_carea ocr_par ocr_line ocrx_word'/>
</head>
<body>
  <div class='ocr_page' id='page_1' title='image "./orator00aubegoog/orator00aubegoog_0127.png"; bbox 0 0 2070 3524; ppageno 0'>
   <div class='ocr_carea' id='block_1_1' title="bbox 422 187 908 251">
    <p class='ocr_par' dir='ltr' id='par_1_1' title="bbox 422 187 908 251">
     <span class='ocr_line' id='line_1_1' title="bbox 422 187 908 251; baseline -0.004 -19"><span class='ocrx_word' id='word_1_1' title='bbox 422 187 556 251; x_wconf 78' lang='lat' dir='ltr'>omnen.</span> <span class='ocrx_word' id='word_1_2' title='bbox 866 190 908 230; x_wconf 77' lang='lat' dir='ltr'>ru</span> 
     </span>
    </p>
   </div>
   <div class='ocr_carea' id='block_1_2' title="bbox 32 301 919 2191">
    <p class='ocr_par' dir='ltr' id='par_1_2' title="bbox 29 301 919 2191">
     <span class='ocr_line' id='line_1_2' title="bbox 59 301 911 383; baseline -0.002 -21"><span class='ocrx_word' id='word_1_3' title='bbox 59 304 374 383; x_wconf 88' lang='lat' dir='ltr'>plures,communesne</span> <span class='ocrx_word' id='word_1_4' title='bbox 389 303 446 361; x_wconf 91' lang='lat' dir='ltr'>sint</span> <span class='ocrx_word' id='word_1_5' title='bbox 459 303 539 361; x_wconf 93' lang='lat' dir='ltr'>omni</span> <span class='ocrx_word' id='word_1_6' title='bbox 553 301 652 379; x_wconf 84' lang='lat' dir='ltr'>generi</span> <span class='ocrx_word' id='word_1_7' title='bbox 668 302 822 376; x_wconf 89' lang='lat' dir='ltr'>orationis;</span> <span class='ocrx_word' id='word_1_8' title='bbox 838 322 911 380; x_wconf 93' lang='lat' dir='ltr'>quo-</span> 
     </span>
     <span class='ocr_line' id='line_1_3' title="bbox 59 394 909 475; baseline -0.002 -21"><span class='ocrx_word' id='word_1_9' title='bbox 59 397 139 455; x_wconf 91' lang='lat' dir='ltr'>niam</span> <span class='ocrx_word' id='word_1_10' title='bbox 154 397 233 455; x_wconf 92' lang='lat' dir='ltr'>aliud</span> <span class='ocrx_word' id='word_1_11' title='bbox 251 415 341 473; x_wconf 84' lang='lat' dir='ltr'>genus</span> <span class='ocrx_word' id='word_1_12' title='bbox 362 409 405 454; x_wconf 89' lang='lat' dir='ltr'>est</span> <span class='ocrx_word' id='word_1_13' title='bbox 425 395 579 466; x_wconf 86' lang='lat' dir='ltr'>narrandi,</span> <span class='ocrx_word' id='word_1_14' title='bbox 601 394 680 452; x_wconf 91' lang='lat' dir='ltr'>aliud</span> <span class='ocrx_word' id='word_1_15' title='bbox 699 395 909 475; x_wconf 86' lang='lat' dir='ltr'>persuadendi,</span> 
     </span>
     <span class='ocr_line' id='line_1_4' title="bbox 59 487 912 568; baseline -0.001 -20"><span class='ocrx_word' id='word_1_16' title='bbox 59 489 140 548; x_wconf 81' lang='lat' dir='ltr'>aliud</span> <span class='ocrx_word' id='word_1_17' title='bbox 164 489 288 548; x_wconf 91' lang='lat' dir='ltr'>docendi</span> <span class='ocrx_word' id='word_1_18' title='bbox 307 512 314 548; x_wconf 91' lang='lat'>:</span> <span class='ocrx_word' id='word_1_19' title='bbox 333 511 370 548; x_wconf 86' lang='lat' dir='ltr'>an</span> <span class='ocrx_word' id='word_1_20' title='bbox 390 489 520 568; x_wconf 81' lang='lat' dir='ltr'>dispares</span> <span class='ocrx_word' id='word_1_21' title='bbox 541 487 655 547; x_wconf 89' lang='lat' dir='ltr'>numeri</span> <span class='ocrx_word' id='word_1_22' title='bbox 677 488 780 566; x_wconf 90' lang='lat' dir='ltr'>cuique</span> <span class='ocrx_word' id='word_1_23' title='bbox 804 487 912 547; x_wconf 85' lang='lat' dir='ltr'>oratio-</span> 
     </span>
     <span class='ocr_line' id='line_1_5' title="bbox 58 581 907 659; baseline 0.004 -20"><span class='ocrx_word' id='word_1_24' title='bbox 58 581 105 639; x_wconf 90' lang='lat' dir='ltr'>nis</span> <span class='ocrx_word' id='word_1_25' title='bbox 122 581 221 658; x_wconf 83' lang='lat' dir='ltr'>generi</span> <span class='ocrx_word' id='word_1_26' title='bbox 236 583 501 640; x_wconf 81' lang='lat' dir='ltr'><strong>accommodentur.</strong></span> <span class='ocrx_word' id='word_1_27' title='bbox 520 581 549 641; x_wconf 88' lang='lat' dir='ltr'>Si</span> <span class='ocrx_word' id='word_1_28' title='bbox 569 601 748 653; x_wconf 75' lang='lat' dir='ltr'>communeS,</span> <span class='ocrx_word' id='word_1_29' title='bbox 765 581 816 659; x_wconf 91' lang='lat' dir='ltr'>qui</span> <span class='ocrx_word' id='word_1_30' title='bbox 830 581 907 642; x_wconf 83' lang='lat' dir='ltr'>sint:</span> 
     </span>
     <span class='ocr_line' id='line_1_6' title="bbox 59 678 910 759; baseline 0 -21"><span class='ocrx_word' id='word_1_31' title='bbox 59 680 84 738; x_wconf 88' lang='lat' dir='ltr'>si</span> <span class='ocrx_word' id='word_1_32' title='bbox 106 679 248 759; x_wconf 85' lang='lat' dir='ltr'>dispares,</span> <span class='ocrx_word' id='word_1_33' title='bbox 265 678 336 757; x_wconf 93' lang='lat' dir='ltr'>quid</span> <span class='ocrx_word' id='word_1_34' title='bbox 352 678 484 751; x_wconf 89' lang='lat' dir='ltr'>intersit,</span> <span class='ocrx_word' id='word_1_35' title='bbox 503 691 533 738; x_wconf 90' lang='lat' dir='ltr'>et</span> <span class='ocrx_word' id='word_1_36' title='bbox 549 700 601 737; x_wconf 88' lang='lat' dir='ltr'>cur</span> <span class='ocrx_word' id='word_1_37' title='bbox 618 699 677 738; x_wconf 89' lang='lat' dir='ltr'>non</span> <span class='ocrx_word' id='word_1_38' title='bbox 697 680 777 756; x_wconf 74' lang='lat' dir='ltr'>aequc</span> <span class='ocrx_word' id='word_1_39' title='bbox 796 679 828 738; x_wconf 93' lang='lat' dir='ltr'>in</span> <span class='ocrx_word' id='word_1_40' title='bbox 845 700 910 738; x_wconf 87' lang='lat' dir='ltr'>ora-</span> 
     </span>
     <span class='ocr_line' id='line_1_7' title="bbox 58 776 909 856; baseline 0 -20"><span class='ocrx_word' id='word_1_41' title='bbox 58 777 155 850; x_wconf 87' lang='lat' dir='ltr'>tione,</span> <span class='ocrx_word' id='word_1_42' title='bbox 174 789 260 855; x_wconf 87' lang='lat' dir='ltr'>atque</span> <span class='ocrx_word' id='word_1_43' title='bbox 282 776 314 835; x_wconf 92' lang='lat' dir='ltr'>in</span> <span class='ocrx_word' id='word_1_44' title='bbox 332 796 434 849; x_wconf 87' lang='lat' dir='ltr'>versu,</span> <span class='ocrx_word' id='word_1_45' title='bbox 453 797 589 835; x_wconf 85' lang='lat' dir='ltr'>numerus</span> <span class='ocrx_word' id='word_1_46' title='bbox 613 789 763 856; x_wconf 85' lang='lat' dir='ltr'>appareat.</span> <span class='ocrx_word' id='word_1_47' title='bbox 784 777 909 850; x_wconf 86' lang='lat' dir='ltr'>Deinde,</span> 
     </span>
     <span class='ocr_line' id='line_1_8' title="bbox 58 872 911 954; baseline -0.002 -21"><span class='ocrx_word' id='word_1_48' title='bbox 58 876 139 954; x_wconf 88' lang='lat' dir='ltr'>quod</span> <span class='ocrx_word' id='word_1_49' title='bbox 148 873 256 933; x_wconf 89' lang='lat' dir='ltr'>dicitur</span> <span class='ocrx_word' id='word_1_50' title='bbox 275 874 306 933; x_wconf 92' lang='lat' dir='ltr'>in</span> <span class='ocrx_word' id='word_1_51' title='bbox 329 874 460 933; x_wconf 89' lang='lat' dir='ltr'>oratione</span> <span class='ocrx_word' id='word_1_52' title='bbox 476 894 673 946; x_wconf 89' lang='lat' dir='ltr'>numerosum,</span> <span class='ocrx_word' id='word_1_53' title='bbox 692 872 723 931; x_wconf 94' lang='lat' dir='ltr'>id</span> <span class='ocrx_word' id='word_1_54' title='bbox 740 877 838 932; x_wconf 77' lang='lat' dir='ltr'>utrum</span> <span class='ocrx_word' id='word_1_55' title='bbox 857 894 911 932; x_wconf 93' lang='lat' dir='ltr'>nu-</span> 
     </span>
     <span class='ocr_line' id='line_1_9' title="bbox 59 966 909 1046; baseline -0.002 -19"><span class='ocrx_word' id='word_1_56' title='bbox 59 988 140 1027; x_wconf 90' lang='lat' dir='ltr'>mero</span> <span class='ocrx_word' id='word_1_57' title='bbox 162 968 256 1026; x_wconf 82' lang='lat' dir='ltr'>soldm</span> <span class='ocrx_word' id='word_1_58' title='bbox 276 967 430 1040; x_wconf 86' lang='lat' dir='ltr'>efficiatur,</span> <span class='ocrx_word' id='word_1_59' title='bbox 460 976 497 1025; x_wconf 84' lang='lat' dir='ltr'>an</span> <span class='ocrx_word' id='word_1_60' title='bbox 521 967 610 1026; x_wconf 92' lang='lat' dir='ltr'>etiam</span> <span class='ocrx_word' id='word_1_61' title='bbox 630 966 676 1025; x_wconf 86' lang='lat' dir='ltr'>vei</span> <span class='ocrx_word' id='word_1_62' title='bbox 700 966 909 1046; x_wconf 90' lang='lat' dir='ltr'>compositione</span> 
     </span>
     <span class='ocr_line' id='line_1_10' title="bbox 58 1050 919 1141; baseline -0.002 -21"><span class='ocrx_word' id='word_1_63' title='bbox 58 1061 197 1140; x_wconf 73' lang='lat' dir='ltr'>quidam,</span> <span class='ocrx_word' id='word_1_64' title='bbox 206 1061 252 1119; x_wconf 83' lang='lat' dir='ltr'>vei</span> <span class='ocrx_word' id='word_1_65' title='bbox 266 1079 371 1137; x_wconf 84' lang='lat' dir='ltr'>genere</span> <span class='ocrx_word' id='word_1_66' title='bbox 381 1059 552 1134; x_wconf 85' lang='lat' dir='ltr'>verborum3</span> <span class='ocrx_word' id='word_1_67' title='bbox 567 1081 605 1118; x_wconf 89' lang='lat' dir='ltr'>an</span> <span class='ocrx_word' id='word_1_68' title='bbox 616 1059 653 1119; x_wconf 92' lang='lat' dir='ltr'>sit</span> <span class='ocrx_word' id='word_1_69' title='bbox 666 1079 750 1118; x_wconf 92' lang='lat' dir='ltr'>suum</span> <span class='ocrx_word' id='word_1_70' title='bbox 759 1050 919 1141; x_wconf 57' lang='lat' dir='ltr'>cujusque}</span> 
     </span>
     <span class='ocr_line' id='line_1_11' title="bbox 58 1127 910 1234; baseline -0.003 -20.099"><span class='ocrx_word' id='word_1_71' title='bbox 58 1167 93 1214; x_wconf 95' lang='lat' dir='ltr'>ut</span> <span class='ocrx_word' id='word_1_72' title='bbox 116 1127 452 1227; x_wconf 69' lang='lat' dir='ltr'>numerusiintervaltis,</span> <span class='ocrx_word' id='word_1_73' title='bbox 473 1153 644 1234; x_wconf 88' lang='lat' dir='ltr'>compositio</span> <span class='ocrx_word' id='word_1_74' title='bbox 664 1152 799 1224; x_wconf 76' lang='lat' dir='ltr'>vocibuS,</span> <span class='ocrx_word' id='word_1_75' title='bbox 820 1152 910 1230; x_wconf 81' lang='lat' dir='ltr'>genus</span> 
     </span>
     <span class='ocr_line' id='line_1_12' title="bbox 58 1246 910 1332; baseline -0.002 -20"><span class='ocrx_word' id='word_1_76' title='bbox 58 1254 156 1332; x_wconf 89' lang='lat' dir='ltr'>ipsum</span> <span class='ocrx_word' id='word_1_77' title='bbox 169 1246 326 1311; x_wconf 79' lang='lat' dir='ltr'>verborum</span> <span class='ocrx_word' id='word_1_78' title='bbox 339 1251 423 1331; x_wconf 90' lang='lat' dir='ltr'>quasi</span> <span class='ocrx_word' id='word_1_79' title='bbox 437 1253 570 1329; x_wconf 82' lang='lat' dir='ltr'>quaedam</span> <span class='ocrx_word' id='word_1_80' title='bbox 584 1253 676 1310; x_wconf 78' lang='lat' dir='ltr'>forma</span> <span class='ocrx_word' id='word_1_81' title='bbox 695 1252 832 1310; x_wconf 85' lang='lat' dir='ltr'>etlumen</span> <span class='ocrx_word' id='word_1_82' title='bbox 845 1271 910 1310; x_wconf 84' lang='lat' dir='ltr'>ora-</span> 
     </span>
     <span class='ocr_line' id='line_1_13' title="bbox 58 1347 910 1429; baseline -0.006 -18"><span class='ocrx_word' id='word_1_83' title='bbox 58 1350 146 1411; x_wconf 90' lang='lat' dir='ltr'>tionis</span> <span class='ocrx_word' id='word_1_84' title='bbox 155 1362 313 1429; x_wconf 81' lang='lat' dir='ltr'>appareat3</span> <span class='ocrx_word' id='word_1_85' title='bbox 329 1349 423 1426; x_wconf 90' lang='lat' dir='ltr'>sitque</span> <span class='ocrx_word' id='word_1_86' title='bbox 437 1348 566 1407; x_wconf 90' lang='lat' dir='ltr'>omnium</span> <span class='ocrx_word' id='word_1_87' title='bbox 585 1349 648 1407; x_wconf 88' lang='lat' dir='ltr'>fons</span> <span class='ocrx_word' id='word_1_88' title='bbox 659 1347 860 1428; x_wconf 89' lang='lat' dir='ltr'>compositio¹,</span> <span class='ocrx_word' id='word_1_89' title='bbox 873 1367 910 1406; x_wconf 88' lang='lat' dir='ltr'>ex</span> 
     </span>
     <span class='ocr_line' id='line_1_14' title="bbox 59 1441 911 1522; baseline -0.006 -19"><span class='ocrx_word' id='word_1_90' title='bbox 59 1447 150 1522; x_wconf 75' lang='lat' dir='ltr'>adque</span> <span class='ocrx_word' id='word_1_91' title='bbox 164 1456 193 1502; x_wconf 90' lang='lat' dir='ltr'>et</span> <span class='ocrx_word' id='word_1_92' title='bbox 207 1463 343 1502; x_wconf 90' lang='lat' dir='ltr'>numerus</span> <span class='ocrx_word' id='word_1_93' title='bbox 358 1442 510 1515; x_wconf 84' lang='lat' dir='ltr'>efficiatur,</span> <span class='ocrx_word' id='word_1_94' title='bbox 526 1454 555 1501; x_wconf 91' lang='lat' dir='ltr'>et</span> <span class='ocrx_word' id='word_1_95' title='bbox 569 1461 615 1514; x_wconf 90' lang='lat' dir='ltr'>ea,</span> <span class='ocrx_word' id='word_1_96' title='bbox 628 1441 835 1519; x_wconf 88' lang='lat' dir='ltr'>quaedicuntur</span> <span class='ocrx_word' id='word_1_97' title='bbox 846 1460 911 1499; x_wconf 88' lang='lat' dir='ltr'>ora-</span> 
     </span>
     <span class='ocr_line' id='line_1_15' title="bbox 59 1537 910 1619; baseline -0.006 -19"><span class='ocrx_word' id='word_1_98' title='bbox 59 1541 147 1600; x_wconf 92' lang='lat' dir='ltr'>tionis</span> <span class='ocrx_word' id='word_1_99' title='bbox 166 1540 248 1619; x_wconf 88' lang='lat' dir='ltr'>quasi</span> <span class='ocrx_word' id='word_1_100' title='bbox 260 1541 360 1600; x_wconf 84' lang='lat' dir='ltr'>formae</span> <span class='ocrx_word' id='word_1_101' title='bbox 377 1552 406 1599; x_wconf 89' lang='lat' dir='ltr'>et</span> <span class='ocrx_word' id='word_1_102' title='bbox 423 1539 552 1612; x_wconf 89' lang='lat' dir='ltr'>lumina,</span> <span class='ocrx_word' id='word_1_103' title='bbox 567 1557 652 1617; x_wconf 83' lang='lat' dir='ltr'>quae,</span> <span class='ocrx_word' id='word_1_104' title='bbox 671 1551 704 1597; x_wconf 86' lang='lat' dir='ltr'>ut</span> <span class='ocrx_word' id='word_1_105' title='bbox 724 1537 803 1610; x_wconf 82' lang='lat' dir='ltr'>dixi,</span> <span class='ocrx_word' id='word_1_106' title='bbox 817 1537 910 1596; x_wconf 88' lang='lat' dir='ltr'>Graeci</span> 
     </span>
     <span class='ocr_line' id='line_1_16' title="bbox 59 1634 910 1719; baseline -0.008 -21"><span class='ocrx_word' id='word_1_107' title='bbox 59 1652 166 1698; x_wconf 89' lang='lat' dir='ltr'>vocant</span> <span class='ocrx_word' id='word_1_108' title='bbox 177 1639 317 1719; x_wconf 77' lang='grc' dir='ltr'><strong>σχήματα.</strong></span> <span class='ocrx_word' id='word_1_109' title='bbox 332 1643 370 1697; x_wconf 86' lang='lat' dir='ltr'>At</span> <span class='ocrx_word' id='word_1_110' title='bbox 388 1659 447 1696; x_wconf 90' lang='lat' dir='ltr'>non</span> <span class='ocrx_word' id='word_1_111' title='bbox 464 1649 508 1696; x_wconf 91' lang='lat' dir='ltr'>est</span> <span class='ocrx_word' id='word_1_112' title='bbox 525 1656 634 1709; x_wconf 90' lang='lat' dir='ltr'>unum,</span> <span class='ocrx_word' id='word_1_113' title='bbox 649 1655 702 1694; x_wconf 91' lang='lat' dir='ltr'>nec</span> <span class='ocrx_word' id='word_1_114' title='bbox 720 1634 813 1708; x_wconf 90' lang='lat' dir='ltr'>idem,</span> <span class='ocrx_word' id='word_1_115' title='bbox 831 1635 910 1713; x_wconf 90' lang='lat' dir='ltr'>qnod</span> 
     </span>
     <span class='ocr_line' id='line_1_17' title="bbox 58 1728 909 1809; baseline -0.006 -18"><span class='ocrx_word' id='word_1_116' title='bbox 58 1752 132 1791; x_wconf 85' lang='lat' dir='ltr'>voce</span> <span class='ocrx_word' id='word_1_117' title='bbox 141 1733 300 1806; x_wconf 82' lang='lat' dir='ltr'>jucundum</span> <span class='ocrx_word' id='word_1_118' title='bbox 314 1744 358 1791; x_wconf 87' lang='lat' dir='ltr'>est</span> <span class='ocrx_word' id='word_1_119' title='bbox 368 1775 376 1805; x_wconf 90' lang='lat'>,</span> <span class='ocrx_word' id='word_1_120' title='bbox 388 1744 418 1790; x_wconf 92' lang='lat' dir='ltr'>et</span> <span class='ocrx_word' id='word_1_121' title='bbox 427 1731 506 1809; x_wconf 90' lang='lat' dir='ltr'>quod</span> <span class='ocrx_word' id='word_1_122' title='bbox 520 1728 719 1788; x_wconf 89' lang='lat' dir='ltr'>moderatione</span> <span class='ocrx_word' id='word_1_123' title='bbox 733 1728 909 1801; x_wconf 83' lang='lat' dir='ltr'>absolutum,</span> 
     </span>
     <span class='ocr_line' id='line_1_18' title="bbox 59 1821 910 1903; baseline -0.008 -18"><span class='ocrx_word' id='word_1_124' title='bbox 59 1839 89 1886; x_wconf 87' lang='lat' dir='ltr'>et</span> <span class='ocrx_word' id='word_1_125' title='bbox 105 1827 184 1903; x_wconf 93' lang='lat' dir='ltr'>quod</span> <span class='ocrx_word' id='word_1_126' title='bbox 205 1825 399 1884; x_wconf 87' lang='lat' dir='ltr'>illuminatum</span> <span class='ocrx_word' id='word_1_127' title='bbox 422 1844 527 1901; x_wconf 84' lang='lat' dir='ltr'>genere</span> <span class='ocrx_word' id='word_1_128' title='bbox 545 1821 702 1881; x_wconf 88' lang='lat' dir='ltr'>verborum</span> <span class='ocrx_word' id='word_1_129' title='bbox 722 1841 910 1898; x_wconf 90' lang='lat' dir='ltr'>:quanquam</span> 
     </span>
     <span class='ocr_line' id='line_1_19' title="bbox 32 1917 911 1999; baseline -0.003 -19"><span class='ocrx_word' id='word_1_130' title='bbox 32 1922 90 1993; x_wconf 57' lang='lat' dir='ltr'>,rid</span> <span class='ocrx_word' id='word_1_131' title='bbox 109 1922 227 1999; x_wconf 90' lang='lat' dir='ltr'>quidem</span> <span class='ocrx_word' id='word_1_132' title='bbox 243 1921 397 1980; x_wconf 90' lang='lat' dir='ltr'>finitimum</span> <span class='ocrx_word' id='word_1_133' title='bbox 421 1933 464 1979; x_wconf 90' lang='lat' dir='ltr'>est</span> <span class='ocrx_word' id='word_1_134' title='bbox 482 1938 622 1992; x_wconf 89' lang='lat' dir='ltr'>numero,</span> <span class='ocrx_word' id='word_1_135' title='bbox 638 1919 706 1996; x_wconf 92' lang='lat' dir='ltr'>quia</span> <span class='ocrx_word' id='word_1_136' title='bbox 723 1939 775 1997; x_wconf 85' lang='lat' dir='ltr'>per</span> <span class='ocrx_word' id='word_1_137' title='bbox 797 1938 827 1976; x_wconf 94' lang='lat' dir='ltr'>se</span> <span class='ocrx_word' id='word_1_138' title='bbox 846 1917 911 1998; x_wconf 85' lang='lat' dir='ltr'>ple-</span> 
     </span>
     <span class='ocr_line' id='line_1_20' title="bbox 59 2010 911 2095; baseline -0.002 -22"><span class='ocrx_word' id='word_1_139' title='bbox 59 2019 183 2091; x_wconf 80' lang='lat' dir='ltr'>rumque</span> <span class='ocrx_word' id='word_1_140' title='bbox 193 2016 355 2095; x_wconf 87' lang='lat' dir='ltr'>perfectum</span> <span class='ocrx_word' id='word_1_141' title='bbox 367 2027 428 2086; x_wconf 73' lang='lat' dir='ltr'>est,</span> <span class='ocrx_word' id='word_1_142' title='bbox 442 2011 614 2092; x_wconf 90' lang='lat' dir='ltr'>compositio</span> <span class='ocrx_word' id='word_1_143' title='bbox 630 2025 727 2070; x_wconf 90' lang='lat' dir='ltr'>autem</span> <span class='ocrx_word' id='word_1_144' title='bbox 736 2010 773 2070; x_wconf 93' lang='lat' dir='ltr'>ab</span> <span class='ocrx_word' id='word_1_145' title='bbox 786 2023 911 2088; x_wconf 91' lang='lat' dir='ltr'>utroque</span> 
     </span>
     <span class='ocr_line' id='line_1_21' title="bbox 59 2104 909 2191; baseline -0.005 -25"><span class='ocrx_word' id='word_1_146' title='bbox 59 2107 240 2191; x_wconf 81' lang='lat' dir='ltr'>differt,quae</span> <span class='ocrx_word' id='word_1_147' title='bbox 252 2120 314 2166; x_wconf 87' lang='lat' dir='ltr'>tota</span> <span class='ocrx_word' id='word_1_148' title='bbox 326 2107 414 2166; x_wconf 89' lang='lat' dir='ltr'>servit</span> <span class='ocrx_word' id='word_1_149' title='bbox 428 2105 563 2183; x_wconf 86' lang='lat' dir='ltr'>gravitati</span> <span class='ocrx_word' id='word_1_150' title='bbox 579 2125 684 2165; x_wconf 88' lang='lat' dir='ltr'>vocum</span> <span class='ocrx_word' id='word_1_151' title='bbox 697 2118 747 2164; x_wconf 91' lang='lat' dir='ltr'>aut</span> <span class='ocrx_word' id='word_1_152' title='bbox 760 2104 909 2163; x_wconf 86' lang='lat' dir='ltr'>suavitati.</span> 
     </span>
    </p>
   </div>
   <div class='ocr_carea' id='block_1_3' title="bbox 59 2333 469 3139">
    <p class='ocr_par' dir='ltr' id='par_1_3' title="bbox 59 2333 469 3139">
     <span class='ocr_line' id='line_1_22' title="bbox 93 2333 460 2396; baseline -0.003 -15"><span class='ocrx_word' id='word_1_153' title='bbox 93 2336 117 2384; x_wconf 87' lang='lat'>1.</span> <span class='ocrx_word' id='word_1_154' title='bbox 132 2335 240 2381; x_wconf 81' lang='lat' dir='ltr'>Omnium</span> <span class='ocrx_word' id='word_1_155' title='bbox 245 2333 306 2396; x_wconf 81' lang='lat' dir='ltr'>soris</span> <span class='ocrx_word' id='word_1_156' title='bbox 319 2334 460 2394; x_wconf 83' lang='lat' dir='ltr'>compositio.</span> 
     </span>
     <span class='ocr_line' id='line_1_23' title="bbox 59 2395 463 2444; baseline -0.012 0"><span class='ocrx_word' id='word_1_157' title='bbox 59 2398 127 2444; x_wconf 87' lang='lat' dir='ltr'>Cette</span> <span class='ocrx_word' id='word_1_158' title='bbox 149 2396 235 2442; x_wconf 75' lang='lat' dir='ltr'>theoria</span> <span class='ocrx_word' id='word_1_159' title='bbox 258 2397 287 2441; x_wconf 86' lang='lat' dir='ltr'>dc</span> <span class='ocrx_word' id='word_1_160' title='bbox 309 2395 406 2442; x_wconf 76' lang='lat' dir='ltr'>ciceron</span> <span class='ocrx_word' id='word_1_161' title='bbox 429 2403 463 2441; x_wconf 83' lang='lat' dir='ltr'>est</span> 
     </span>
     <span class='ocr_line' id='line_1_24' title="bbox 61 2457 463 2519; baseline -0.007 -15"><span class='ocrx_word' id='word_1_162' title='bbox 61 2458 195 2519; x_wconf 86' lang='lat' dir='ltr'>reproduite</span> <span class='ocrx_word' id='word_1_163' title='bbox 207 2475 250 2518; x_wconf 85' lang='lat' dir='ltr'>par</span> <span class='ocrx_word' id='word_1_164' title='bbox 266 2457 390 2513; x_wconf 83' lang='lat' dir='ltr'>Quintilien</span> <span class='ocrx_word' id='word_1_165' title='bbox 409 2471 463 2503; x_wconf 84' lang='lat' dir='ltr'>avec</span> 
     </span>
     <span class='ocr_line' id='line_1_25' title="bbox 62 2519 461 2579; baseline -0.005 -14"><span class='ocrx_word' id='word_1_166' title='bbox 62 2536 109 2566; x_wconf 84' lang='lat' dir='ltr'>unc</span> <span class='ocrx_word' id='word_1_167' title='bbox 131 2520 253 2566; x_wconf 78' lang='lat' dir='ltr'>insistancc</span> <span class='ocrx_word' id='word_1_168' title='bbox 271 2529 337 2564; x_wconf 89' lang='lat' dir='ltr'>toute</span> <span class='ocrx_word' id='word_1_169' title='bbox 360 2519 461 2579; x_wconf 84' lang='lat' dir='ltr'>particu-</span> 
     </span>
     <span class='ocr_line' id='line_1_26' title="bbox 62 2581 464 2645; baseline -0.007 -17"><span class='ocrx_word' id='word_1_170' title='bbox 62 2582 118 2628; x_wconf 72' lang='lat' dir='ltr'>iidrc</span> <span class='ocrx_word' id='word_1_171' title='bbox 127 2600 133 2628; x_wconf 83' lang='lat' dir='ltr'>r</span> <span class='ocrx_word' id='word_1_172' title='bbox 142 2582 315 2645; x_wconf 74' lang='lat' dir='ltr'>«Pythagoreis</span> <span class='ocrx_word' id='word_1_173' title='bbox 323 2581 383 2626; x_wconf 68' lang='lat' dir='ltr'>certic</span> <span class='ocrx_word' id='word_1_174' title='bbox 394 2581 464 2626; x_wconf 89' lang='lat' dir='ltr'>moris</span> 
     </span>
     <span class='ocr_line' id='line_1_27' title="bbox 62 2643 462 2706; baseline 0.003 -21"><span class='ocrx_word' id='word_1_175' title='bbox 62 2662 76 2686; x_wconf 90' lang='lat'>«</span> <span class='ocrx_word' id='word_1_176' title='bbox 89 2643 179 2706; x_wconf 81' lang='lat' dir='ltr'>fuit,et,</span> <span class='ocrx_word' id='word_1_177' title='bbox 188 2661 259 2705; x_wconf 88' lang='lat' dir='ltr'>quum</span> <span class='ocrx_word' id='word_1_178' title='bbox 265 2643 404 2706; x_wconf 69' lang='lat' dir='ltr'>vigilissent,</span> <span class='ocrx_word' id='word_1_179' title='bbox 413 2643 462 2687; x_wconf 88' lang='lat' dir='ltr'>ani-</span> 
     </span>
     <span class='ocr_line' id='line_1_28' title="bbox 62 2705 464 2766; baseline 0 -18"><span class='ocrx_word' id='word_1_180' title='bbox 62 2725 77 2748; x_wconf 89' lang='lat'>«</span> <span class='ocrx_word' id='word_1_181' title='bbox 89 2721 141 2752; x_wconf 81' lang='lat' dir='ltr'>mos</span> <span class='ocrx_word' id='word_1_182' title='bbox 157 2707 186 2751; x_wconf 80' lang='lat' dir='ltr'>ad</span> <span class='ocrx_word' id='word_1_183' title='bbox 204 2709 277 2766; x_wconf 72' lang='lat' dir='ltr'>lyram</span> <span class='ocrx_word' id='word_1_184' title='bbox 292 2705 402 2766; x_wconf 85' lang='lat' dir='ltr'>excitare,</span> <span class='ocrx_word' id='word_1_185' title='bbox 417 2706 464 2764; x_wconf 78' lang='lat' dir='ltr'>qno</span> 
     </span>
     <span class='ocr_line' id='line_1_29' title="bbox 63 2768 464 2831; baseline 0.002 -21"><span class='ocrx_word' id='word_1_186' title='bbox 63 2787 78 2810; x_wconf 71' lang='grc' dir='ltr'>«ι</span> <span class='ocrx_word' id='word_1_187' title='bbox 90 2778 166 2814; x_wconf 81' lang='lat' dir='ltr'>essent</span> <span class='ocrx_word' id='word_1_188' title='bbox 172 2768 201 2812; x_wconf 87' lang='lat' dir='ltr'>ad</span> <span class='ocrx_word' id='word_1_189' title='bbox 206 2769 321 2831; x_wconf 79' lang='lat' dir='ltr'>agendum</span> <span class='ocrx_word' id='word_1_190' title='bbox 330 2768 464 2826; x_wconf 73' lang='lat' dir='ltr'>erectiores,</span> 
     </span>
     <span class='ocr_line' id='line_1_30' title="bbox 64 2838 461 2890; baseline 0.003 -18"><span class='ocrx_word' id='word_1_191' title='bbox 64 2849 78 2872; x_wconf 87' lang='lat'>«</span> <span class='ocrx_word' id='word_1_192' title='bbox 91 2841 127 2886; x_wconf 86' lang='lat' dir='ltr'>et,</span> <span class='ocrx_word' id='word_1_193' title='bbox 142 2846 214 2890; x_wconf 90' lang='lat' dir='ltr'>quum</span> <span class='ocrx_word' id='word_1_194' title='bbox 229 2846 334 2876; x_wconf 83' lang='lat' dir='ltr'>somnum</span> <span class='ocrx_word' id='word_1_195' title='bbox 347 2838 461 2890; x_wconf 79' lang='lat' dir='ltr'>peterent,</span> 
     </span>
     <span class='ocr_line' id='line_1_31' title="bbox 63 2892 467 2952; baseline -0.002 -16"><span class='ocrx_word' id='word_1_196' title='bbox 63 2911 78 2935; x_wconf 70' lang='grc' dir='ltr'>«ι</span> <span class='ocrx_word' id='word_1_197' title='bbox 91 2893 123 2937; x_wconf 87' lang='lat' dir='ltr'>ad</span> <span class='ocrx_word' id='word_1_198' title='bbox 133 2893 236 2937; x_wconf 79' lang='lat' dir='ltr'>eamdem</span> <span class='ocrx_word' id='word_1_199' title='bbox 247 2893 312 2952; x_wconf 77' lang='lat' dir='ltr'>prius</span> <span class='ocrx_word' id='word_1_200' title='bbox 321 2892 394 2936; x_wconf 87' lang='lat' dir='ltr'>lenire</span> <span class='ocrx_word' id='word_1_201' title='bbox 404 2905 467 2936; x_wconf 87' lang='lat' dir='ltr'>men-</span> 
     </span>
     <span class='ocr_line' id='line_1_32' title="bbox 65 2951 466 3016; baseline 0 -20"><span class='ocrx_word' id='word_1_202' title='bbox 65 2971 80 2996; x_wconf 81' lang='lat'>«</span> <span class='ocrx_word' id='word_1_203' title='bbox 91 2963 142 3010; x_wconf 72' lang='lat' dir='ltr'>tes,</span> <span class='ocrx_word' id='word_1_204' title='bbox 154 2963 180 2998; x_wconf 84' lang='lat' dir='ltr'>ut</span> <span class='ocrx_word' id='word_1_205' title='bbox 191 2955 210 2999; x_wconf 91' lang='lat' dir='ltr'>si</span> <span class='ocrx_word' id='word_1_206' title='bbox 228 2955 286 3016; x_wconf 86' lang='lat' dir='ltr'>quid</span> <span class='ocrx_word' id='word_1_207' title='bbox 303 2953 381 2998; x_wconf 77' lang='lat' dir='ltr'>fuisset</span> <span class='ocrx_word' id='word_1_208' title='bbox 392 2951 466 2997; x_wconf 84' lang='lat' dir='ltr'>turbi-</span> 
     </span>
     <span class='ocr_line' id='line_1_33' title="bbox 66 3015 468 3078; baseline 0 -20"><span class='ocrx_word' id='word_1_209' title='bbox 66 3035 80 3058; x_wconf 77' lang='grc' dir='ltr'>ι(</span> <span class='ocrx_word' id='word_1_210' title='bbox 94 3015 186 3062; x_wconf 87' lang='lat' dir='ltr'>diorum</span> <span class='ocrx_word' id='word_1_211' title='bbox 210 3015 385 3078; x_wconf 84' lang='lat' dir='ltr'>cogitationum,</span> <span class='ocrx_word' id='word_1_212' title='bbox 403 3029 468 3060; x_wconf 86' lang='lat' dir='ltr'>eom-</span> 
     </span>
     <span class='ocr_line' id='line_1_34' title="bbox 68 3077 469 3139; baseline -0.002 -19"><span class='ocrx_word' id='word_1_213' title='bbox 68 3097 82 3120; x_wconf 89' lang='lat'>«</span> <span class='ocrx_word' id='word_1_214' title='bbox 94 3088 218 3139; x_wconf 85' lang='lat' dir='ltr'>ponerent.</span> <span class='ocrx_word' id='word_1_215' title='bbox 238 3078 307 3135; x_wconf 82' lang='lat' dir='ltr'>Quod</span> <span class='ocrx_word' id='word_1_216' title='bbox 329 3077 348 3122; x_wconf 84' lang='lat' dir='ltr'>si</span> <span class='ocrx_word' id='word_1_217' title='bbox 368 3077 469 3122; x_wconf 83' lang='lat' dir='ltr'>numeris</span> 
     </span>
    </p>
   </div>
   <div class='ocr_carea' id='block_1_4' title="bbox 515 2330 925 3136">
    <p class='ocr_par' dir='ltr' id='par_1_4' title="bbox 515 2330 925 3136">
     <span class='ocr_line' id='line_1_35' title="bbox 516 2330 910 2392; baseline 0 -16"><span class='ocrx_word' id='word_1_218' title='bbox 516 2331 644 2391; x_wconf 70' lang='lat' dir='ltr'>«tissima,</span> <span class='ocrx_word' id='word_1_219' title='bbox 667 2330 910 2392; x_wconf 84' lang='lat' dir='ltr'>quantirmqueiuter-</span> 
     </span>
     <span class='ocr_line' id='line_1_36' title="bbox 515 2393 912 2456; baseline 0.005 -19"><span class='ocrx_word' id='word_1_220' title='bbox 515 2411 528 2437; x_wconf 80' lang='grc' dir='ltr'>α</span> <span class='ocrx_word' id='word_1_221' title='bbox 539 2403 582 2456; x_wconf 85' lang='lat' dir='ltr'>est,</span> <span class='ocrx_word' id='word_1_222' title='bbox 596 2409 674 2440; x_wconf 85' lang='lat' dir='ltr'>seusus</span> <span class='ocrx_word' id='word_1_223' title='bbox 689 2393 752 2439; x_wconf 86' lang='lat' dir='ltr'>idem</span> <span class='ocrx_word' id='word_1_224' title='bbox 763 2395 848 2454; x_wconf 85' lang='lat' dir='ltr'>quibus</span> <span class='ocrx_word' id='word_1_225' title='bbox 863 2409 912 2439; x_wconf 81' lang='lat' dir='ltr'>ver-</span> 
     </span>
     <span class='ocr_line' id='line_1_37' title="bbox 515 2455 911 2512; baseline 0.005 -13"><span class='ocrx_word' id='word_1_226' title='bbox 515 2474 528 2499; x_wconf 79' lang='lat' dir='ltr'>t(</span> <span class='ocrx_word' id='word_1_227' title='bbox 539 2457 576 2501; x_wconf 84' lang='lat' dir='ltr'>bis</span> <span class='ocrx_word' id='word_1_228' title='bbox 593 2455 713 2512; x_wconf 73' lang='lat' dir='ltr'>efferatur,</span> <span class='ocrx_word' id='word_1_229' title='bbox 738 2456 827 2502; x_wconf 81' lang='lat' dir='ltr'>tantdm</span> <span class='ocrx_word' id='word_1_230' title='bbox 844 2456 911 2502; x_wconf 85' lang='lat' dir='ltr'>verbu</span> 
     </span>
     <span class='ocr_line' id='line_1_38' title="bbox 515 2518 911 2580; baseline 0 -19"><span class='ocrx_word' id='word_1_231' title='bbox 515 2537 528 2561; x_wconf 89' lang='lat'>«</span> <span class='ocrx_word' id='word_1_232' title='bbox 540 2519 634 2577; x_wconf 84' lang='lat' dir='ltr'>eadam,</span> <span class='ocrx_word' id='word_1_233' title='bbox 646 2519 694 2579; x_wconf 70' lang='lat' dir='ltr'>qui</span> <span class='ocrx_word' id='word_1_234' title='bbox 704 2519 863 2580; x_wconf 76' lang='lat' dir='ltr'>corrrpositione</span> <span class='ocrx_word' id='word_1_235' title='bbox 876 2518 911 2563; x_wconf 86' lang='lat' dir='ltr'>vel</span> 
     </span>
     <span class='ocr_line' id='line_1_39' title="bbox 515 2579 913 2642; baseline 0.005 -20"><span class='ocrx_word' id='word_1_236' title='bbox 515 2599 527 2622; x_wconf 89' lang='lat'>«</span> <span class='ocrx_word' id='word_1_237' title='bbox 540 2581 564 2626; x_wconf 92' lang='lat' dir='ltr'>iu</span> <span class='ocrx_word' id='word_1_238' title='bbox 580 2580 643 2626; x_wconf 83' lang='lat' dir='ltr'>exitu</span> <span class='ocrx_word' id='word_1_239' title='bbox 658 2582 796 2642; x_wconf 83' lang='lat' dir='ltr'>jungantur,</span> <span class='ocrx_word' id='word_1_240' title='bbox 815 2579 852 2624; x_wconf 87' lang='lat' dir='ltr'>vel</span> <span class='ocrx_word' id='word_1_241' title='bbox 867 2579 913 2624; x_wconf 85' lang='lat' dir='ltr'>fine</span> 
     </span>
     <span class='ocr_line' id='line_1_40' title="bbox 515 2643 914 2702; baseline 0 -17"><span class='ocrx_word' id='word_1_242' title='bbox 515 2661 528 2685; x_wconf 71' lang='lat' dir='ltr'>n</span> <span class='ocrx_word' id='word_1_243' title='bbox 540 2643 684 2688; x_wconf 83' lang='lat' dir='ltr'>claudantur.</span> <span class='ocrx_word' id='word_1_244' title='bbox 700 2644 760 2687; x_wconf 85' lang='lat' dir='ltr'>Num</span> <span class='ocrx_word' id='word_1_245' title='bbox 772 2643 878 2702; x_wconf 75' lang='lat' dir='ltr'>quaedam</span> <span class='ocrx_word' id='word_1_246' title='bbox 891 2651 914 2686; x_wconf 90' lang='lat' dir='ltr'>et</span> 
     </span>
     <span class='ocr_line' id='line_1_41' title="bbox 516 2702 914 2764; baseline 0 -18"><span class='ocrx_word' id='word_1_247' title='bbox 516 2722 530 2746; x_wconf 90' lang='lat'>«</span> <span class='ocrx_word' id='word_1_248' title='bbox 542 2704 658 2750; x_wconf 85' lang='lat' dir='ltr'>sententiis</span> <span class='ocrx_word' id='word_1_249' title='bbox 667 2719 746 2764; x_wconf 80' lang='lat' dir='ltr'>parva,</span> <span class='ocrx_word' id='word_1_250' title='bbox 754 2713 777 2749; x_wconf 88' lang='lat' dir='ltr'>et</span> <span class='ocrx_word' id='word_1_251' title='bbox 784 2702 914 2749; x_wconf 88' lang='lat' dir='ltr'>elocutione</span> 
     </span>
     <span class='ocr_line' id='line_1_42' title="bbox 517 2765 915 2825; baseline 0 -16"><span class='ocrx_word' id='word_1_252' title='bbox 517 2785 529 2809; x_wconf 75' lang='lat' dir='ltr'>u</span> <span class='ocrx_word' id='word_1_253' title='bbox 542 2767 641 2825; x_wconf 86' lang='lat' dir='ltr'>modica,</span> <span class='ocrx_word' id='word_1_254' title='bbox 653 2765 725 2811; x_wconf 81' lang='lat' dir='ltr'>virtus</span> <span class='ocrx_word' id='word_1_255' title='bbox 734 2766 782 2811; x_wconf 82' lang='lat' dir='ltr'>hacc</span> <span class='ocrx_word' id='word_1_256' title='bbox 792 2766 841 2810; x_wconf 85' lang='lat' dir='ltr'>sola</span> <span class='ocrx_word' id='word_1_257' title='bbox 853 2781 915 2811; x_wconf 89' lang='lat' dir='ltr'>oom-</span> 
     </span>
     <span class='ocr_line' id='line_1_43' title="bbox 518 2826 915 2888; baseline 0.003 -18"><span class='ocrx_word' id='word_1_258' title='bbox 518 2847 530 2870; x_wconf 72' lang='grc' dir='ltr'>α</span> <span class='ocrx_word' id='word_1_259' title='bbox 542 2829 644 2876; x_wconf 78' lang='lat' dir='ltr'>mandat.</span> <span class='ocrx_word' id='word_1_260' title='bbox 657 2827 765 2887; x_wconf 85' lang='lat' dir='ltr'>Denique</span> <span class='ocrx_word' id='word_1_261' title='bbox 780 2827 845 2888; x_wconf 89' lang='lat' dir='ltr'>quod</span> <span class='ocrx_word' id='word_1_262' title='bbox 864 2826 915 2872; x_wconf 90' lang='lat' dir='ltr'>cui-</span> 
     </span>
     <span class='ocr_line' id='line_1_44' title="bbox 518 2889 915 2951; baseline 0 -19"><span class='ocrx_word' id='word_1_263' title='bbox 518 2909 531 2933; x_wconf 94' lang='lat'>«</span> <span class='ocrx_word' id='word_1_264' title='bbox 542 2907 588 2951; x_wconf 89' lang='lat' dir='ltr'>quc</span> <span class='ocrx_word' id='word_1_265' title='bbox 607 2891 681 2935; x_wconf 86' lang='lat' dir='ltr'>visum</span> <span class='ocrx_word' id='word_1_266' title='bbox 698 2889 743 2935; x_wconf 87' lang='lat' dir='ltr'>erit</span> <span class='ocrx_word' id='word_1_267' title='bbox 759 2892 915 2946; x_wconf 85' lang='lat' dir='ltr'>vehementer,</span> 
     </span>
     <span class='ocr_line' id='line_1_45' title="bbox 518 2950 916 3013; baseline -0.005 -17"><span class='ocrx_word' id='word_1_268' title='bbox 518 2951 655 3008; x_wconf 70' lang='lat' dir='ltr'>«dulciter,</span> <span class='ocrx_word' id='word_1_269' title='bbox 680 2950 784 3013; x_wconf 72' lang='lat' dir='ltr'>speciose</span> <span class='ocrx_word' id='word_1_270' title='bbox 811 2951 916 3004; x_wconf 89' lang='lat' dir='ltr'>dictum,</span> 
     </span>
     <span class='ocr_line' id='line_1_46' title="bbox 519 3012 918 3073; baseline -0.01 -13"><span class='ocrx_word' id='word_1_271' title='bbox 519 3032 531 3056; x_wconf 92' lang='lat'>«</span> <span class='ocrx_word' id='word_1_272' title='bbox 545 3014 617 3060; x_wconf 83' lang='lat' dir='ltr'>solvat</span> <span class='ocrx_word' id='word_1_273' title='bbox 628 3024 651 3060; x_wconf 87' lang='lat' dir='ltr'>et</span> <span class='ocrx_word' id='word_1_274' title='bbox 664 3014 755 3073; x_wconf 82' lang='lat' dir='ltr'>turbet;</span> <span class='ocrx_word' id='word_1_275' title='bbox 773 3012 855 3058; x_wconf 87' lang='lat' dir='ltr'>abierit</span> <span class='ocrx_word' id='word_1_276' title='bbox 866 3027 918 3057; x_wconf 86' lang='lat' dir='ltr'>om·</span> 
     </span>
     <span class='ocr_line' id='line_1_47' title="bbox 520 3075 925 3136; baseline -0.012 -17"><span class='ocrx_word' id='word_1_277' title='bbox 520 3093 533 3119; x_wconf 78' lang='grc' dir='ltr'>α</span> <span class='ocrx_word' id='word_1_278' title='bbox 544 3075 580 3120; x_wconf 87' lang='lat' dir='ltr'>nis</span> <span class='ocrx_word' id='word_1_279' title='bbox 594 3075 627 3120; x_wconf 84' lang='lat' dir='ltr'>vis</span> <span class='ocrx_word' id='word_1_280' title='bbox 639 3113 647 3136; x_wconf 71' lang='lat'>,</span> <span class='ocrx_word' id='word_1_281' title='bbox 657 3075 789 3136; x_wconf 73' lang='lat' dir='ltr'>iucunditas</span> <span class='ocrx_word' id='word_1_282' title='bbox 799 3075 925 3130; x_wconf 56' lang='lat' dir='ltr'>,deornm</span> 
     </span>
    </p>
   </div>
   <div class='ocr_carea' id='block_1_5' title="bbox 69 3134 945 3203">
    <p class='ocr_par' dir='ltr' id='par_1_5' title="bbox 69 3134 945 3203">
     <span class='ocr_line' id='line_1_48' title="bbox 69 3134 945 3203; baseline -0.013 -21"><span class='ocrx_word' id='word_1_283' title='bbox 69 3159 82 3182; x_wconf 89' lang='lat'>«</span> <span class='ocrx_word' id='word_1_284' title='bbox 97 3150 121 3186; x_wconf 91' lang='lat' dir='ltr'>ct</span> <span class='ocrx_word' id='word_1_285' title='bbox 132 3140 205 3185; x_wconf 79' lang='lat' dir='ltr'>niudis</span> <span class='ocrx_word' id='word_1_286' title='bbox 217 3141 276 3186; x_wconf 87' lang='lat' dir='ltr'>inest</span> <span class='ocrx_word' id='word_1_287' title='bbox 287 3141 391 3203; x_wconf 78' lang='lat' dir='ltr'>quaedam</span> <span class='ocrx_word' id='word_1_288' title='bbox 402 3137 473 3186; x_wconf 83' lang='lat' dir='ltr'>tacita</span> <span class='ocrx_word' id='word_1_289' title='bbox 526 3137 685 3199; x_wconf 66' lang='lat' dir='ltr'>iQtiiut&#39;dicu,</span> <span class='ocrx_word' id='word_1_290' title='bbox 705 3135 863 3182; x_wconf 62' lang='lat' dir='ltr'>Institutione</span> <span class='ocrx_word' id='word_1_291' title='bbox 880 3134 945 3168; x_wconf 75' lang='lat' dir='ltr'>uro.-</span> 
     </span>
    </p>
   </div>
   <div class='ocr_carea' id='block_1_6' title="bbox 66 3200 478 3256">
    <p class='ocr_par' dir='ltr' id='par_1_6' title="bbox 66 3200 478 3256">
     <span class='ocr_line' id='line_1_49' title="bbox 66 3200 478 3256; baseline 0.012 -11"><span class='ocrx_word' id='word_1_292' title='bbox 66 3222 80 3245; x_wconf 75' lang='lat' dir='ltr'><strong><em>a</em></strong></span> <span class='ocrx_word' id='word_1_293' title='bbox 94 3200 135 3256; x_wconf 79' lang='lat' dir='ltr'>ris,</span> <span class='ocrx_word' id='word_1_294' title='bbox 150 3202 173 3246; x_wconf 89' lang='lat' dir='ltr'>in</span> <span class='ocrx_word' id='word_1_295' title='bbox 189 3203 295 3250; x_wconf 80' lang='lat' dir='ltr'>oratione</span> <span class='ocrx_word' id='word_1_296' title='bbox 306 3214 341 3251; x_wconf 84' lang='lat' dir='ltr'>est</span> <span class='ocrx_word' id='word_1_297' title='bbox 351 3205 478 3252; x_wconf 83' lang='lat' dir='ltr'>vehemen-</span> 
     </span>
    </p>
   </div>
   <div class='ocr_carea' id='block_1_7' title="bbox 534 3197 744 3261">
    <p class='ocr_par' dir='ltr' id='par_1_7' title="bbox 534 3197 744 3261">
     <span class='ocr_line' id='line_1_50' title="bbox 534 3197 744 3261; baseline -0.029 -11"><span class='ocrx_word' id='word_1_298' title='bbox 534 3203 681 3261; x_wconf 55' lang='lat' dir='ltr'>toiresmk,</span> <span class='ocrx_word' id='word_1_299' title='bbox 689 3212 715 3244; x_wconf 73' lang='lat' dir='ltr'>ut</span> <span class='ocrx_word' id='word_1_300' title='bbox 724 3197 744 3256; x_wconf 55' lang='grc' dir='ltr'>ἦ</span> 
     </span>
    </p>
   </div>
   <div class='ocr_carea' id='block_1_8' title="bbox 0 0 1047 3524">
    <p class='ocr_par' dir='ltr' id='par_1_8' title="bbox 0 0 1047 3524">
     <span class='ocr_line' id='line_1_51' title="bbox 0 0 1047 3524; baseline 0 0"><span class='ocrx_word' id='word_1_301' title='bbox 0 0 1047 3524; x_wconf 95' lang='lat' dir='ltr'> </span> 
     </span>
    </p>
   </div>
  </div>
 </body>
</html>
