2070 3524
424 185 556 232 ORATOR.
873 191 913 230 tat

64 296 161 354 Habet
173 309 271 354 tamen
289 295 439 354 stabilem¹
458 297 623 375 quemdam,
641 309 670 355 et
690 317 749 355 non
763 311 914 376 expertem

64 388 214 466 dignitatis
228 389 363 466 gradum,
382 389 413 448 in
426 388 616 466 incisionibus¹
632 390 704 449 vero
717 390 809 448 multo
823 388 913 467 magis

64 496 94 540 et
117 481 147 540 in
170 481 322 556 membris;
338 483 515 561 paucitatem
534 484 611 544 enim
631 484 741 565 pedum
762 482 914 561 gravitatis

65 597 124 634 suae
136 575 274 635 tarditate
291 591 470 656 compensat.
490 581 547 638 Sed
558 578 612 637 hos
626 598 717 656 quum
731 577 763 636 in
778 577 913 637 clausulis

64 658 153 748 pedes
173 668 303 742 nomino,
325 690 385 728 non
405 670 511 748 loquor
529 672 566 730 de
582 690 642 735 uno
664 671 739 749 pede
757 684 909 730 extremo:

63 760 191 842 adjungo
206 761 298 840 (quod
311 762 463 821 minimum
476 762 524 841 sit)
539 763 706 842 proximum
720 763 911 842 superiorem,

64 875 140 933 saepe
158 854 245 914 etiam
270 855 400 915 tertium.
420 858 462 914 Ne
475 856 588 914 iambus
610 855 740 934 quidem,
762 855 813 932 qui
832 869 876 914 est
896 876 912 914 e

63 948 146 1007 brevi
170 961 199 1007 et
227 948 331 1025 longd3
362 961 413 1007 aut
437 969 493 1028 par
516 949 644 1008 choreo’
676 949 836 1021 trochaeus,
861 949 910 1027 qui

62 1042 151 1100 habet
165 1055 225 1101 tres
239 1041 355 1111 breves,
370 1042 422 1099 sed
436 1040 531 1120 spatio
546 1062 612 1121 par,
631 1062 689 1101 non
706 1041 840 1120 syllabis;
861 1055 912 1102 aut

63 1136 150 1194 etiam
163 1136 305 1212 dactylus,
323 1134 374 1213 qui
389 1147 433 1194 est
451 1155 468 1193 e
486 1135 573 1212 longd
587 1148 616 1195 et
629 1136 742 1195 duabus
762 1134 910 1208 brevibus,

20 1271 22 1275 ι
63 1229 87 1287 si
98 1242 141 1288 est
152 1229 303 1308 proximus
319 1249 337 1287 a
351 1241 511 1307 postremo,
532 1233 636 1308 parum
658 1228 826 1290 volubiliter
840 1251 910 1312 per-

62 1318 142 1379 venit
166 1322 204 1379 ad
221 1334 397 1392 extremum,
425 1320 449 1378 si
470 1333 513 1379 est
543 1333 692 1380 extremus
713 1322 837 1379 choreus
861 1335 911 1380 aut

62 1413 227 1490 spondaeus.
252 1400 405 1490 Nunquam
423 1411 500 1470 enim
522 1412 656 1485 interest,
676 1426 742 1473 uter
759 1413 796 1472 sit
811 1433 912 1472 eorum

61 1504 93 1562 in
106 1505 181 1583 pede
193 1518 336 1565 extremo.
353 1506 409 1564 Sed
426 1505 515 1564 iidem
528 1505 560 1563 hi
573 1518 633 1565 tres
648 1507 737 1585 pedes
751 1506 826 1564 male
839 1526 910 1564 con-

61 1597 195 1669 cludunt,
217 1597 241 1656 si
256 1597 320 1674 quie
335 1616 438 1656 eorum
451 1599 482 1657 in
502 1611 633 1657 extremo
651 1600 761 1658 locatus
781 1611 836 1670 est,
856 1597 912 1657 nisi

24 1697 30 1708 “
61 1711 153 1768 quum
174 1711 230 1768 pro
252 1690 360 1750 cretico
383 1704 548 1770 postremus
577 1704 621 1751 est
649 1691 780 1768 dactylus
806 1713 813 1751 ε
839 1690 910 1750 nihil

60 1783 139 1843 enim
161 1783 301 1857 interest,
324 1785 455 1861 dactylus
471 1783 508 1844 sit
531 1797 692 1858 extremus,
715 1805 753 1844 an
775 1784 909 1858 creticus,

60 1877 129 1955 quia
152 1890 299 1957 postrema
323 1877 445 1954 syllaba,
470 1877 568 1936 brevis
592 1898 630 1937 an
651 1877 739 1955 longa
759 1877 808 1949 sit,
826 1896 863 1936 ne
880 1877 911 1935 in

60 1989 148 2030 versu
168 1969 287 2047 quidem
303 1971 402 2029 refert.
420 1975 515 2044 Quare
531 1971 618 2031 etiam
639 1990 742 2050 paeone
762 1968 812 2048 qui
831 1969 906 2028 dixit

61 2062 217 2142 aptiorem,
226 2062 257 2121 in
266 2083 324 2140 quo
336 2075 411 2122 esset
419 2063 506 2141 longa
518 2077 678 2143 postrema,
692 2062 766 2123 vidit
778 2064 908 2144 parum³,

94 2267 116 2308 t.
132 2259 251 2308 stabilem.
262 2261 351 2305 Horace
359 2258 393 2304 dit
403 2261 461 2306 dane
512 2277 525 2303 α
546 2259 584 2321 (ut
605 2276 618 2305 u
637 2260 726 2322 magnis
747 2259 802 2305 virio
825 2260 911 2307 disson

63 2325 84 2368 le
99 2323 172 2367 meme
194 2337 258 2378 oeno,
277 2336 306 2367 en
327 2322 416 2382 parlant
430 2322 460 2367 de
512 2339 525 2365 u
541 2320 603 2379 tiam)
613 2338 686 2382 paeon,
701 2320 743 2382 qui
756 2332 789 2366 eet
800 2322 910 2368 extribus

60 2383 175 2431 l'iambe:
195 2402 208 2427 u
225 2385 349 2444 Spondaeos
368 2383 459 2430 stabiles
512 2400 525 2427 α
541 2383 649 2429 brevibus
664 2394 688 2430 et
704 2383 783 2446 longd.
802 2385 859 2431 Nam
877 2393 911 2430 est

63 2466 76 2490 e
87 2447 173 2506 injure
185 2455 280 2507 paterna
293 2444 387 2505 reoepit.
400 2463 414 2488 »

93 2516 115 2556 2.
139 2511 188 2553 Pur
209 2508 297 2554 choreo.
313 2506 412 2567 copied
426 2515 460 2553 eet

62 2571 219 2630 letribraquo.

92 2633 115 2681 3.
152 2632 218 2679 Vidit
236 2630 331 2693 partlm,
346 2631 461 2677 emontrd

62 2712 107 2756 peu
114 2696 143 2741 de
151 2693 257 2757 sagacite.
269 2696 304 2741 Ou
317 2704 396 2740 trouve
404 2695 460 2739 dune

62 2773 88 2802 ce
105 2771 155 2802 rens
167 2775 173 2804 :
187 2758 255 2817 plus,
268 2755 361 2816 meliis,
376 2755 458 2805 ridere.

63 2837 76 2863 cr
89 2820 165 2876 Quum
176 2835 212 2864 me
218 2818 301 2864 vidisse
317 2820 369 2879 plus
380 2817 460 2864 latere-

64 2881 318 3003 aar
331 2881 459 2988 alr

63 3004 119 3066 xv.)
141 2976 206 3049 Nolis
226 2959 344 3051 &milido
360 2979 433 3050 milme
452 2976 460 3050 i

64 3087 77 3110 ι(
94 3067 160 3112 vous
170 3081 223 3111 avez
235 3067 280 3113 mal
291 3083 330 3112 vu.
346 3085 359 3110 n
372 3065 462 3124 Quinti-

512 2463 523 2488 «
540 2445 589 2504 ipse
600 2462 644 2490 une
656 2448 707 2507 plue
716 2446 779 2491 brevi
787 2456 907 2507 anapaettof

512 2527 525 2550 u
541 2507 649 2566 senilitas,
659 2507 756 2570 ugilitae.
771 2509 840 2566 Quod
853 2509 906 2569 quil

512 2587 525 2614 ι
541 2568 907 2630 itaplacuerithismonridemni·

511 2649 525 2675 α
542 2631 907 2694 siquddillumserlrprobaverint,

512 2713 524 2736 a
541 2695 625 2755 quibua
635 2694 748 2755 loquendi
755 2694 833 2766 magis,
842 2693 911 2754 quim

512 2775 524 2798 e
541 2756 621 2802 orandi
643 2755 741 2802 studium
764 2755 816 2801 furt.
836 2773 851 2800 a
873 2758 911 2804 On

511 2819 666 2879 oompreudla
681 2817 767 2864 reservo
779 2827 802 2864 et
811 2817 834 2864 la
848 2817 912 2864 dert-

510 2895 576 2926 renoe
591 2882 620 2926 de
635 2879 774 2938 Quintilian,
789 2881 867 2942 quand
879 2896 911 2925 on

511 2942 554 2988 tait
564 2957 609 3002 que
621 2940 736 3002 l’opiniou
746 2941 804 3003 qu’il
819 2943 913 2987 combut

512 3021 525 3049 a
537 3004 572 3049 e'td
586 3013 694 3049 soutenue
705 3020 746 3063 par
761 3004 869 3052 tristare.
880 3005 912 3049 Co

513 3067 586 3129 grand
603 3066 749 3127 philosophe,
764 3066 805 3127 qui
822 3065 860 3110 n’a
871 3080 911 3123 par

63 3130 110 3175 lien
126 3137 160 3174 est
175 3144 213 3173 eur
229 3143 255 3174 oe
272 3128 340 3188 point
354 3127 463 3175 d’aeoord
514 3128 629 3192 dedaiguie
648 3126 767 3174 deinum
776 3129 807 3168 Xe
820 3126 932 3190 §duffio

61 3207 116 3237 areo
127 3189 224 3236 ciceron
236 3208 242 3236 :
257 3208 271 3234 u
282 3193 337 3241 Non
350 3208 389 3240 me
403 3191 468 3255 eupit
521 3192 582 3240 dune
589 3206 630 3239 see
640 3189 768 3238 mdxudree
780 3182 881 3233 neruus„
889 3189 952 3218 ‘m'
