2070 3524
93 267 135 305 tre
450 261 583 328 ORATOR.

91 378 232 457 praecipit.
248 377 462 456 Theophrastus
483 377 552 436 vero
574 375 678 434 iisdem
694 378 731 435 de
750 376 836 434 rebus
852 377 922 434 etiam
967 350 969 371 Ι

90 472 263 530 accuratius.
278 471 348 546 Quis
360 492 430 549 ergo
441 472 512 530 istos
520 472 604 543 ferat,
617 469 668 549 qui
678 469 732 528 hos
743 481 870 528 auctores
877 489 922 527 non

89 565 234 642 probent?
247 563 302 622 nisi
321 566 439 624 omnino
452 566 515 623 haec
529 584 590 623 esse
606 562 703 621 abhis
721 575 864 643 praecepte
883 581 922 620 ne·

90 656 178 715 ciant.
205 658 289 732 Quod
312 659 336 716 si
358 658 398 716 ita
423 671 466 717 est
490 657 554 736 (nec
575 655 645 715 verd
668 655 753 715 aliter
774 653 922 734 existimo),

90 751 177 828 quid?
200 751 257 830 ipsi
280 751 336 810 suis
357 751 488 810 sensibus
511 770 571 809 non
597 755 770 810 moventur?
786 748 923 808 nihilneiis

89 843 176 902 inane
191 844 315 921 videtur,
330 843 402 902 nihil
417 843 614 914 inconditum,
632 843 705 901 nihil
723 856 853 913 curtum,
865 840 923 900 nihil

89 937 266 1008 claudicans,
276 937 349 996 nihil
361 939 545 998 redundans?
557 942 591 995 In
603 956 689 995 versu
697 935 818 1014 quidem
831 936 923 994 theam
965 1004 969 1009 Ι

92 1041 152 1087 tota
166 1029 328 1087 exclamant
337 1032 358 1101 ¹,
374 1029 398 1087 si
412 1030 466 1089 suit
479 1034 538 1087 una
554 1029 665 1106 syllaba
679 1027 797 1087 brevior
810 1039 859 1086 ant
869 1027 923 1085 lon·

90 1122 164 1198 glor.
182 1125 240 1181 Nec
253 1123 323 1181 vero
342 1121 496 1180 multitudo
511 1122 601 1200 pedes
620 1121 712 1194 novit,
729 1141 784 1181 nec
797 1120 868 1178 ullos
879 1138 923 1177 nn·

90 1233 186 1272 meros
207 1226 287 1272 tenet
303 1229 312 1275 :
328 1233 382 1271 nec
394 1213 483 1284 illud,
499 1215 580 1291 quod
594 1211 730 1284 offendit,
745 1225 797 1273 aut
813 1232 874 1283 cur,
885 1220 924 1268 aut

89 1306 119 1364 in
135 1325 194 1383 quo
215 1303 358 1376 offendat,
374 1304 525 1384 intelligit3
542 1318 571 1365 et
590 1318 686 1365 tamen
701 1303 831 1364 omnium
847 1303 924 1382 longi-

89 1397 222 1458 tudinum
238 1412 267 1457 et
280 1398 454 1458 brevitatum
469 1398 500 1457 in
514 1399 603 1472 sonis,
617 1397 690 1457 sicut
707 1411 856 1458 acutarum
868 1415 923 1476 gra·

90 1493 226 1570 vinmque
253 1511 368 1566 vocum,
391 1491 533 1567 judicium
557 1491 621 1570 ipsa
645 1504 748 1552 natura
769 1493 801 1550 in
823 1489 924 1550 auribus

90 1587 195 1645 nostris
209 1586 361 1644 collocavit
368 1585 388 1644 ¹.

122 1777 143 1817 l.
159 1770 257 1816 Theatra
278 1781 327 1816 tota
345 1777 488 1820 exclamaret.

90 1852 103 1875 e
117 1834 179 1877 Dans
192 1847 234 1877 nos
245 1832 365 1877 immenses
374 1831 484 1890 thedtres,

90 1895 120 1940 oh
129 1910 153 1940 se
163 1894 283 1940 rassemhle
295 1896 324 1940 de
339 1903 414 1941 toutee
424 1902 486 1954 perte

89 1973 134 2003 une
146 1956 206 2002 loule
217 1956 346 2018 ignorante,
353 1956 392 2017 j'ai
403 1973 443 2002 cru
451 1971 486 2001 me

88 2018 223 2065 convaincre
243 2034 287 2079 que
304 2034 362 2064 nous
379 2033 448 2063 avone
466 2018 485 2064 le

89 2080 210 2126 sentiment
220 2080 274 2125 inne'
285 2081 314 2126 de
325 2081 347 2124 la
358 2080 456 2125 melodic
464 2089 484 2124 et

89 2144 119 2188 de
132 2142 152 2186 la
172 2143 287 2188 cndence:
299 2141 338 2202 j'ai
352 2157 382 2185 vu
401 2143 431 2187 de
453 2141 485 2186 la-

89 2219 155 2251 meux
169 2205 262 2264 joueurs
279 2205 308 2250 de
319 2203 418 2264 cithare,
433 2204 487 2250 hues

89 2283 132 2329 par
150 2268 171 2312 lu
187 2266 321 2326 multitude,
344 2283 404 2328 pour
424 2266 487 2312 avoir

89 2329 188 2391 manque
199 2345 243 2376 une
256 2339 311 2376 note
330 2342 353 2376 et
363 2329 453 2375 trouble
467 2329 487 2373 la

90 2408 195 2449 mesum
209 2392 249 2452 J’ai
270 2409 300 2437 vu
318 2393 347 2438 tel
363 2392 446 2450 joueur
459 2391 488 2436 de

90 2454 158 2512 flete,
177 2469 225 2498 non
246 2453 320 2498 moins
336 2453 411 2498 hubile
433 2453 489 2498 daus

90 2525 192 2573 sonart,
215 2516 339 2577 &galement
357 2515 414 2560 sitne
446 2531 489 2559 our

91 2576 155 2622 avoir
165 2577 209 2622 mal
224 2577 319 2639 menage
338 2592 381 2621 son
400 2530 489 2622 haleine

91 2649 115 2685 et
129 2638 170 2684 lait
189 2639 299 2685 entendre
316 2640 356 2684 des
371 2653 424 2683 sone
434 2639 490 2683 durs

91 2701 269 2747 ctdiscordants.
276 2701 409 2760 Cependant
418 2702 490 2761 qu’on

92 2765 180 2823 appelle
192 2781 225 2809 un
238 2765 278 2809 des
291 2778 404 2821 censeurs,
418 2763 490 2823 qu'on

91 2824 123 2869 lui
141 2827 218 2870 donne
236 2825 400 2882 l'instrument,
419 2826 490 2884 qu’on

92 2886 125 2930 lui
139 2886 188 2932 dise
198 2889 227 2932 de
244 2886 326 2933 refaire
345 2901 371 2932 ce
383 2902 428 2947 que
437 2887 490 2931 l'ur-

92 2947 144 2992 tiste
155 2964 168 2992 a
179 2950 291 3010 meaque,
305 2949 325 2995 le
335 2948 470 3009 pourra·t-il
481 2952 490 2994 l

92 3011 153 3056 Non.
176 3010 236 3055 C'est
253 3027 306 3071 que,
319 3027 378 3071 pour
401 3026 492 3056 exercer

94 3087 124 3117 un
132 3081 175 3128 art,
181 3071 198 3117 il
208 3071 282 3117 luutla
289 3073 375 3119 science
382 3090 426 3134 qne
434 3089 492 3118 nous

93 3136 188 3181 u’avons
209 3150 249 3195 pas
267 3145 331 3195 toue3
349 3135 423 3181 tondis
447 3152 492 3197 que

92 3212 153 3257 pour
166 3199 246 3261 juger,
267 3196 283 3242 il
303 3213 331 3245 ne
347 3197 395 3244 faut
411 3215 456 3261 que
470 3200 492 3246 le

541 1772 562 1814 la
580 1783 669 1816 nature.
685 1770 703 1815 ll
722 1784 753 1816 en
769 1780 804 1816 eat
822 1772 851 1817 de
865 1769 926 1815 meme

541 1833 581 1878 des
597 1832 714 1890 rhythmos
731 1849 736 1878 :
750 1833 825 1894 J’aivu
840 1841 887 1878 tous
901 1831 926 1876 les

540 1893 657 1940 auditeurs
675 1894 811 1957 e’indigner,
826 1911 850 1941 se
863 1893 926 1939 sorde·

540 1973 592 2014 ver,
608 1955 621 2001 ir
639 1971 705 2002 cause
723 1957 780 2002 d'un
803 1958 925 2011 battement,

541 2019 596 2063 d’un
607 2018 702 2076 accord,
716 2019 785 2065 d'une
795 2018 926 2073 intonation,

541 2079 625 2141 quine
645 2080 742 2125 tombait
759 2097 800 2141 pas
824 2098 853 2127 nu
872 2079 929 2142 point

538 2144 597 2203 juste
614 2152 638 2188 et
652 2142 752 2202 rompait
767 2143 928 2189 l'harmonie.»

545 2203 629 2265 (Denys
639 2205 824 2264 d’Halicarnasse,
836 2209 871 2252 De
884 2204 931 2250 l’or·

541 2278 674 2327 rangement
691 2267 731 2311 des
748 2279 815 2331 mota,
833 2269 898 2329 chap-
908 2280 930 2314 ιι.

541 2318 768 2389 mortuummare.)

573 2397 597 2434 2.
617 2393 673 2452 Ipsa
699 2402 784 2437 notura
811 2392 932 2438 collocavit.

543 2455 598 2499 Sans
616 2453 687 2498 doute
706 2469 765 2499 nous
779 2463 862 2499 tenone
878 2452 934 2500 dela

541 2524 622 2560 nature
642 2530 687 2561 une
703 2514 803 2562 certaine
814 2516 934 2563 telinense

542 2577 583 2637 qui
593 2593 651 2622 nous
660 2579 719 2623 rend
730 2577 860 2625 sensiblesd
869 2586 936 2624 tontes

542 2655 579 2686 ees
594 2655 694 2686 nuances
716 2641 746 2686 de
764 2641 786 2685 la
804 2642 884 2701 parole
897 2644 936 2686 hu·

543 2701 631 2761 maine;
645 2701 702 2746 mais
712 2703 743 2748 oh
754 2718 783 2748 ne
796 2713 891 2749 var-t-on
902 2716 938 2763 pas

543 2765 600 2809 dans
612 2773 671 2811 cette
682 2764 734 2810 voie
745 2764 890 2828 d’exigenres
901 2763 938 2809 mi·

543 2826 940 2887 nutieusesaCen’estpasseulemenr

544 2888 652 2947 ciceron,
668 2890 722 2934 c'est
742 2889 872 2948 Quintilien
887 2887 939 2951 qu’ss

544 2950 593 2995 faut
609 2951 736 3010 entendre;
753 2952 816 2997 selon
827 2953 872 3010 lui,
892 2951 939 2997 'l'ite

545 3012 599 3058 Lire
608 3014 679 3073 peche
689 3014 794 3059 contrela
803 3014 866 3077 r'egle
872 3013 939 3060 ende·

545 3075 625 3120 butant
636 3074 730 3120 dansles
742 3076 846 3123 Antiates
860 3093 902 3136 par
913 3090 940 3120 un

545 3138 657 3200 fragment
672 3137 845 3184 d’hexametre:
863 3158 876 3180 α
888 3141 940 3184 Fae-

547 3219 561 3242 «
572 3210 665 3246 turusne
676 3216 750 3257 operar
763 3201 862 3261 pretium
876 3201 917 3245 sim
928 3216 941 3241 ι

83 3260 220 3324 sentiment,
235 3261 332 3326 present
342 3279 455 3312 commun
466 3263 495 3311 de
553 3263 615 3326 (sane
626 3270 728 3319 compter
737 3276 784 3311 uuo
794 3262 895 3303 detines
900 3262 952 3316 ptus
