2062 3510
429 116 560 164 ORATOR.

376 339 419 391 Du
431 340 497 413 style
508 339 610 412 simple.

104 523 194 580 XIII.
204 516 352 597 Sequitur,
365 529 397 575 ut
411 517 550 596 cujusque
566 519 679 595 generis
692 532 761 579 nota
774 535 920 599 quaeratur

62 626 95 672 et
118 611 256 669 formula.
270 612 407 686 Magnum
427 629 501 689 opus
525 622 554 668 et
571 611 711 682 arduum,
725 625 758 671 ut
773 635 847 693 saepe
858 614 919 694 jam

64 703 195 763 diximus
207 728 216 777 ;
228 705 278 763 sed
287 701 513 781 ingredientibus
524 703 766 763 considerandum
777 706 840 780 fuit,
851 708 920 784 quid

65 818 236 877 ageremus;
253 817 331 855 nunc
349 796 468 874 quidem
483 794 561 875 jam,
580 797 765 878 qudcumque
781 801 919 877 feremur,

63 892 163 952 danda
182 889 318 949 nimirum
335 889 399 949 vela
418 902 495 949 sunt.
515 894 558 948 Ac
577 890 704 971 primurn
719 894 920 954 informandus

63 998 109 1046 est
127 984 177 1044 ille
195 981 291 1057 nobis,
308 1002 395 1060 quem
417 983 510 1042 solum
530 984 648 1062 quidem
662 997 766 1044 vocant
779 986 918 1046 Atticum.

106 1075 279 1138 Summissus
294 1087 347 1149 est,
361 1087 390 1134 et
401 1075 529 1150 humilis,
541 1079 778 1137 consuetudinem
790 1078 917 1155 imitans,

62 1171 101 1232 ab
116 1168 262 1229 indisertis
279 1188 310 1226 re
321 1170 386 1247 plits
398 1170 486 1247 quam
500 1167 635 1248 opinione
653 1169 801 1231 differens.
820 1177 919 1251 ltaque

62 1284 133 1324 eum
152 1263 204 1342 qui
217 1260 354 1335 audiunt,
374 1261 508 1340 quamvis
521 1262 576 1340 ipsi
597 1262 721 1321 infantes
739 1263 809 1337 sint,
824 1277 919 1324 tamen

62 1357 115 1416 illo
129 1356 217 1415 modo
235 1355 386 1414 confidunt
402 1374 432 1413 se
450 1374 535 1433 posse
560 1352 668 1413 dicere.
688 1357 763 1414 Nam
783 1356 920 1417 orationis

64 1448 208 1508 subtilitas
228 1436 378 1506 imitabilis
395 1447 447 1505 illa
464 1447 582 1524 quidem
602 1447 798 1506 videturesse
821 1449 919 1508 existi-

64 1540 167 1612 manti,
183 1540 236 1599 sed
248 1538 321 1598 nihil
339 1551 383 1598 est
396 1539 557 1618 experienti
570 1539 675 1599 minus.
689 1541 748 1599 Etsi
765 1540 843 1599 enim
860 1562 918 1601 non

64 1633 183 1713 plurimi
196 1632 343 1710 sanguinis
354 1644 411 1705 est,
425 1631 531 1690 habeat
551 1645 646 1692 tamen
660 1653 778 1693 succum
792 1634 917 1713 aliquem

64 1738 193 1807 oportet,
209 1739 257 1801 ut,
271 1725 384 1784 etiamsi
399 1724 455 1783 illis
471 1724 603 1784 maximis
615 1726 724 1786 viribus
737 1740 849 1799 careat,
862 1729 916 1804 sit,

63 1832 97 1878 ut
113 1820 153 1878 ita
166 1819 278 1891 dicam,
293 1816 405 1898 integra
420 1818 595 1878 valetudine.
613 1811 742 1878 Primum
751 1820 840 1898 igitur
851 1841 916 1881 eum

63 1924 229 1991 tauquame
239 1910 362 1970 vinculis
375 1931 563 1970 numerorum
574 1912 745 1972 eximamus.
755 1917 828 1973 Sunt
840 1916 917 1975 enim

62 2005 196 2082 quidam,
208 2017 241 2062 ut
252 2003 319 2078 scis,
332 2005 451 2062 oratorii
463 2004 588 2078 numeri,
603 2006 756 2084 dequibus
769 2027 839 2065 mox
850 2028 917 2086 age·

62 2118 140 2172 mua,
157 2098 330 2156 observandi
344 2097 455 2156 ratione
472 2099 615 2176 quadam,
631 2100 681 2157 sed
694 2099 752 2157 alio
766 2099 797 2156 in
811 2120 918 2176 genere

62 2189 217 2264 orationis,
232 2190 263 2248 in
275 2191 331 2251 hoe
343 2191 461 2249 omnino
476 2190 672 2268 relinquendi.
688 2190 819 2249 Solutum
836 2193 920 2269 quid·

62 2286 131 2343 dam
146 2282 195 2357 sit,
208 2303 262 2343 nec
272 2304 379 2363 vagum
396 2298 503 2356 tamen,
517 2296 551 2342 ut
564 2282 678 2361 ingredi
692 2283 795 2358 liberie,
814 2306 872 2345 non
885 2301 919 2347 ut
939 2298 943 2303 '

62 2377 185 2436 licenter
203 2377 334 2436 videatur
356 2396 466 2437 errare.
488 2376 584 2435 Verba
609 2377 697 2437 etiam
716 2380 812 2438 verbis
833 2383 917 2459 quasi

61 2482 266 2549 coagmentare
274 2469 413 2548 negligat.
423 2469 518 2528 Habet
527 2471 604 2528 enim
615 2469 662 2530 ille
675 2484 813 2550 tanquam
821 2473 917 2532 hiatus

61 2585 207 2624 concursu
224 2563 368 2624 vocalium
385 2563 471 2623 molle
490 2563 644 2640 quiddam,
665 2577 694 2622 et
712 2565 791 2641 quod
810 2564 919 2624 indicet

60 2679 120 2717 non
143 2654 289 2734 ingratam
311 2654 518 2733 negligentiam
544 2658 580 2715 de
604 2677 636 2715 re
660 2657 803 2732 hominis,
827 2654 917 2736 magis

60 2756 150 2830 quam
172 2750 210 2808 de
229 2748 337 2819 uerbis,
361 2748 531 2808 laborantis.
554 2751 611 2809 Sed
631 2752 686 2809 erit
706 2750 861 2811 videndum
880 2754 918 2811 de

61 2844 194 2920 reliquis,
208 2862 298 2922 quum
312 2842 374 2902 haec
387 2844 445 2901 duo
460 2841 487 2900 ei
499 2841 636 2901 liberiora
648 2844 767 2917 fuerint,
780 2844 918 2904 circuitus

59 2934 330 3016 conglutinatioque
360 2934 550 2994 verborum&
574 2934 627 2993 llla
650 2937 730 2996 enim
756 2936 826 3016 ipsa
846 2958 923 2995 oum«

83 3126 108 3166 t.
138 3116 258 3165 elmuino
282 3121 510 3193 conglutinatioque
534 3124 682 3177 verborum.
715 3121 850 3172 etr-cutum
876 3106 986 3172 *ΨΜ

889 3228 908 3269 b
