2070 3524
92 150 123 191 at
451 148 584 193 ORATOR.

132 260 355 320 Collocahuntur
370 261 457 339 igitur
471 259 587 331 verha1,
603 271 636 316 ut
652 271 704 319 aut
719 258 799 317 inter
813 279 846 317 se
863 261 942 337 quium

92 353 238 432 aplissime
253 354 416 413 cohaereant
434 365 563 411 extrema
577 351 773 430 cumprimis,
789 371 883 429 eaque
893 351 942 409 sint

92 451 178 526 quam
191 447 364 505 suavissimis
377 447 514 516 vocibus3
529 457 580 504 aut
591 458 623 503 ut
638 447 731 502 forma
746 444 811 522 ipsa
825 445 941 504 concin-

92 541 223 617 nitasque
239 539 393 596 verborum
418 539 549 597 conficiat
575 536 676 595 orbem
704 556 809 610 suum3
840 550 891 596 aut
914 550 942 594 ut

92 633 311 711 comprehensio
329 633 481 691 numerose
504 644 533 690 et
559 633 625 710 apte
640 631 736 691 cadat.
757 634 858 708 Atque
877 630 941 689 illud

92 726 216 803 primhm
228 727 390 796 videamus,
407 727 491 802 quale
510 724 561 799 sit;
587 725 666 802 quod
680 724 723 782 vel
746 724 877 783 maxime
893 726 941 782 de·

92 819 199 878 siderat
218 820 409 897 diligentiam,
432 832 464 875 ut
482 819 529 876 fiat
556 830 699 876 structura
722 819 875 896 quaedam,
894 836 941 876 nec

92 927 188 971 tamen
202 913 250 971 fiat
265 914 401 991 operose;
418 932 485 970 nam
508 924 584 970 esset
607 930 695 988 quum
716 909 859 981 infinitus,
886 922 940 969 turn

92 1003 211 1085 puerilis
228 1004 327 1078 labor,
350 1006 429 1082 quod
449 1005 528 1083 apud
548 1002 708 1062 Lucilium²
727 1002 800 1061 scite
819 1003 941 1081 exagitat

91 1099 120 1155 in
139 1096 259 1155 Albucio
274 1097 423 1155 Scaevola:

143 1243 231 1308 Quam
241 1241 329 1313 lepide
343 1243 422 1295 lexeis
432 1255 583 1314 compostae,
595 1255 625 1295 ut
636 1243 786 1294 tesserulae⁸
799 1262 893 1297 omnes

144 1325 207 1375 Arte
215 1323 381 1394 pavimento⁴
393 1336 471 1393 atque
484 1323 639 1375 emblemate
651 1322 835 1377 vermiculato.

92 1541 148 1595 tion,
159 1540 308 1600 del'Amitie',
319 1541 447 1599 duDestiu,
459 1541 489 1585 de

92 1602 117 1646 la
142 1603 237 1659 Gloire,·
255 1603 272 1647 il
295 1603 395 1648 achevuit
417 1606 488 1648 meme

91 1679 133 1707 son
146 1663 212 1707 traitc
227 1663 267 1708 des
278 1664 379 1711 Devoirs.
392 1667 428 1709 011
441 1664 489 1709 voit

92 1725 160 1784 qu’au
176 1724 253 1769 milieu
271 1725 311 1769 des
329 1725 441 1770 malheurs
460 1727 489 1770 de

92 1786 262 1847 lurepuhlique,
272 1803 297 1831 ce
309 1788 381 1848 grand
388 1788 487 1847 citoyen,

92 1851 164 1907 qu’on
174 1865 187 1892 a
199 1859 252 1908 trop
265 1860 361 1894 sourcnt
372 1851 449 1895 accuse
460 1851 489 1894 de

93 1911 207 1968 laiblesse,
221 1911 319 1955 trouvait
332 1927 414 1956 encore
433 1913 489 1956 dans

93 1972 114 2015 la
139 1971 235 2016 serenitd
256 1973 284 2016 dc
306 1988 348 2017 son
373 1973 423 2018 amc
445 1989 489 2019 une

93 2032 155 2079 lotoe
169 2032 265 2092 d’esprit
282 2044 305 2078 et
320 2050 363 2079 unc
375 2034 489 2081 fecundite'

93 2096 149 2140 dont
163 2095 184 2139 lu
199 2094 307 2140 vieillcsse
321 2099 392 2143 meme
403 2112 432 2142 ue
447 2108 489 2157 put

92 2156 227 2217 triompher.
244 2158 340 2204 Ciceron
357 2160 416 2206 avait
429 2161 489 2205 alors

92 2219 194 2266 soixante
208 2230 231 2266 et
241 2237 272 2265 un
281 2237 329 2270 ans,

124 2288 146 2329 l.
195 2282 373 2328 collocabuntur
412 2285 488 2344 igitur

92 2345 168 2391 verba.
181 2346 285 2390 L'auteur
299 2345 371 2390 divise
383 2361 412 2390 en
432 2344 489 2389 trois

92 2405 177 2465 parties
191 2405 224 2450 les
238 2406 317 2450 etudes
332 2407 361 2451 de
379 2407 437 2465 style
448 2406 488 2466 qui

92 2467 186 2512 doivent
199 2467 307 2512 terminer
322 2482 365 2513 son
378 2468 449 2513 livre:
464 2475 488 2511 ⁴⁰

93 2528 113 2574 lc
129 2545 171 2573 son
190 2530 230 2574 des
247 2539 306 2574 mots
323 2530 372 2590 pris
389 2545 418 2575 en
433 2545 489 2574 eux-

93 2592 183 2651 memes,
196 2607 256 2652 pour
266 2591 337 2637 briter
346 2592 367 2636 la
377 2593 489 2651 cacopho-

94 2652 148 2711 nie;
163 2662 187 2696 2⁰
205 2654 226 2698 lc
243 2653 312 2699 choix
335 2655 375 2699 des
390 2664 449 2698 mota
466 2664 489 2699 et

92 2714 140 2759 leur
159 2714 296 2774 disposition
313 2715 354 2775 qui
369 2715 419 2760 doit
432 2732 488 2775 pro-

93 2774 158 2819 duire
176 2775 311 2822 l’harmonie
319 2813 326 2837 ,
345 2777 367 2821 lu
382 2793 485 2834 mesure;

93 2840 118 2879 ³⁰
127 2836 257 2884 l'ensemhlc
272 2840 301 2884 de
311 2839 333 2884 la
343 2841 425 2900 phrase
436 2850 459 2886 et
467 2841 488 2885 la

92 2897 196 2959 pdriode.

124 2966 146 3007 2.
161 2960 232 3023 Apud
241 2962 364 3010 Lucilium.
374 2964 486 3026 Lucilius,

92 3022 179 3070 celebre
199 3026 266 3085 po'e'te
290 3024 409 3088 satirique,
432 3044 488 3073 con-

92 3087 220 3147 temporuin
230 3088 259 3132 de
264 3087 359 3149 Scipion
365 3089 490 3137 Emilienet

85 3148 205 3200 debelius.
213 3151 236 3199 Π
244 3160 293 3201 met
301 3152 358 3203 daus
368 3152 493 3203 lahouche

543 1540 575 1584 du
587 1538 673 1585 cellbrc
681 1538 843 1599 jurisconsulto
849 1540 942 1586 'Mucius

543 1602 640 1647 Scaevola
655 1612 713 1647 cette
729 1601 828 1661 critique
840 1603 872 1647 du
886 1604 941 1663 style

544 1665 573 1708 de
587 1666 615 1708 T.
635 1663 754 1717 Albucius,
772 1664 887 1711 chevalier
904 1680 941 1711 ro-

544 1725 623 1784 main,
645 1725 766 1785 beau-pere
789 1727 819 1771 de
837 1727 942 1773 l'oratenr
969 1770 972 1775 i

545 1790 644 1834 Crassus.
654 1787 755 1848 (Voy.de
763 1787 889 1848 l'orareur,
896 1791 940 1848 lll,

545 1850 625 1910 xum.)
649 1849 716 1894 Voici
739 1861 856 1896 comment
878 1851 943 1897 eice-

544 1927 587 1955 ron
605 1913 661 1973 juge
684 1911 811 1957 Albucius:
831 1915 942 1959 «Doctus

545 1992 557 2014 «
570 1972 638 2018 ctiam
649 1973 734 2018 Graecis
742 1975 770 2018 T.
781 1973 899 2034 Albucius,
907 1976 942 2020 vel

545 2052 558 2076 α
570 2035 647 2094 potius
658 2050 723 2094 pane
734 2036 829 2081 Graecus
842 2055 848 2083 z
860 2037 942 2097 loquor

545 2107 595 2141 «ut
610 2097 711 2156 opinor;
725 2098 765 2142 sed
778 2098 832 2143 lioet
847 2114 876 2144 ex
890 2115 941 2144 ora-

546 2174 558 2202 s
569 2158 671 2203 tionibus
677 2158 787 2218 judicare.
801 2160 856 2205 Fuit
868 2172 942 2206 antem

545 2239 557 2263 α
572 2220 667 2266 Athenis
675 2220 816 2280 adolescens3
828 2222 943 2282 perfecus

545 2282 694 2342 «Epicureus
714 2293 828 2346 evaserat,
850 2284 943 2330 minime

545 2364 556 2386 a
568 2355 646 2404 aptum
657 2346 686 2389 ud
700 2344 822 2390 dicendum
833 2362 915 2408 genus.
927 2365 941 2389 o

545 2406 648 2467 (Brutus,
665 2407 753 2468 xxxv.)

575 2473 597 2516 3,
623 2469 754 2528 Tesseruloe,
774 2469 895 2516 diminutis
913 2472 943 2517 de

544 2539 637 2587 tessera,
653 2532 740 2586 κύὸος,
758 2531 841 2592 potitos
855 2533 943 2594 pierres

543 2609 574 2637 ou
584 2592 677 2653 briques
689 2593 776 2639 carries
786 2595 846 2640 dont
859 2611 891 2641 ou
901 2612 943 2656 pa-

542 2654 589 2699 ruit
603 2656 635 2700 les
656 2656 767 2715 maisons,
786 2657 846 2709 ¹d'oh
862 2658 943 2703 tessel-

544 2717 593 2761 lata
601 2719 737 2779 pavimenta.

574 2784 598 2828 4.
618 2782 677 2826 Arte
692 2780 831 2842 pavimento.
844 2783 888 2828 Cet
909 2797 943 2827 as-

543 2842 655 2901 semblage
666 2843 695 2886 de
710 2851 769 2886 mots
788 2842 895 2902 presente
911 2860 942 2889 un

543 2919 594 2949 sens
611 2920 671 2950 assez
688 2905 788 2950 obscur:
812 2906 872 2950 aussi
886 2922 941 2966 pro·

543 2976 659 3026 pose-t-on
678 2966 706 3011 de
721 2966 781 3012 lire:
798 2968 864 3012 Eudo
872 2970 942 3029 pavi-

543 3038 625 3087 mem,
633 3029 689 3072 dans
701 3029 722 3073 le
732 3044 784 3074 sens
794 3029 824 3074 de
835 3032 866 3075 In
872 3031 940 3091 pavi·

544 3100 627 3137 triento.
632 3115 661 3125 -
669 3090 734 3135 Eudo
740 3100 776 3135 cst
782 3091 944 3137 unvicumcc

546 3150 956 3211 tamqmatatuxtdugmssnss„
