2070 3524
439 187 572 235 ORATOR.
884 189 927 230 l87

76 297 120 356 illi
133 298 325 377 (Herodotum
339 299 405 357 dico
418 314 448 358 ct
468 298 684 373 Thucydidem,
699 309 849 374 totamque
863 316 928 355 eam

76 392 202 470 aetatem)
216 392 283 471 apte
294 394 506 471 numeroseque
517 393 665 463 dixerunt,
685 411 719 449 ea
733 411 792 448 non
806 409 928 449 numero

76 484 217 562 quaesito,
252 486 303 544 sed
336 484 494 543 verborum
527 484 716 544 collocatione
748 483 926 542 ceciderunt.

75 583 187 637 Formae
207 579 277 637 vero
297 580 429 657 quaedam
449 591 516 638 sunt
541 578 692 650 orationis,
707 577 738 636 in
763 575 870 655 quibus
893 597 928 635 ea

76 670 252 742 concinnitas
283 683 343 743 est,
368 683 402 729 ut
429 683 567 749 sequatur
589 689 728 728 numerus
751 668 925 727 necessario.

76 768 148 821 Nam
170 784 260 840 quum
281 777 332 823 aut
354 785 409 842 par
430 764 495 843 pari
517 765 655 835 refertur,
678 775 729 821 aut
749 762 927 820 contrarium

75 856 222 914 contrario
232 856 403 936 opponitur,
412 869 474 928 aut,
482 877 546 935 quae
560 855 692 914 similiter
705 856 812 914 cadunt
824 854 925 926 verba,

76 948 170 1008 verbis
184 963 402 1029 comparantur,
417 949 560 1028 quidquid
579 950 621 1009 ita
644 947 840 1019 concluditur,
861 949 925 1027 ple-

75 1046 198 1120 rumque
214 1046 246 1101 fit
265 1056 298 1100 ut
314 1044 467 1102 numerose
488 1044 584 1102 cadat.
608 1045 673 1117 Quo
688 1043 725 1100 de
740 1061 846 1118 genere
861 1061 926 1099 eum

75 1136 215 1215 exemplis
228 1141 316 1214 supra
329 1136 469 1209 diximus,
484 1149 517 1196 ut
529 1137 590 1196 haec
604 1137 721 1215 quoque
735 1135 820 1214 copia
833 1130 925 1192 lacul-

75 1241 165 1288 tatem
184 1229 287 1289 afferat
311 1251 370 1289 non
391 1252 506 1310 semper
528 1233 632 1290 codem
653 1232 741 1288 modo
762 1229 923 1289 desinendi.

74 1322 133 1378 Nec
154 1333 252 1378 tamen
273 1320 336 1376 haec
356 1319 397 1376 ita
411 1333 479 1378 sunt
499 1333 580 1379 arcta
601 1332 631 1378 et
652 1319 802 1390 adstricta,
823 1332 856 1378 ut
879 1339 924 1391 ea,

75 1431 166 1486 quum
179 1410 313 1482 velimus,
329 1411 427 1470 laxare
448 1432 636 1490 nequeamus.
653 1412 776 1471 Multum
793 1411 924 1484 interest,

76 1505 175 1562 utrdm
196 1524 351 1563 numerosa
368 1504 417 1578 sit,
441 1504 529 1565 idest
548 1505 649 1565 similis
670 1524 873 1577 numerorum,
888 1526 926 1565 an
969 1564 972 1569 ,

74 1594 160 1673 plane
177 1595 334 1654 enumeris
354 1609 466 1655 constet
479 1597 584 1656 oratio.
602 1596 735 1654 Alterum
748 1596 771 1654 si
786 1598 830 1670 fit,
847 1596 924 1656 into-

75 1688 194 1747 lerabile
213 1688 318 1748 vitium
343 1701 401 1763 est;
427 1691 552 1749 alterum
574 1689 629 1749 nisi
648 1691 693 1761 fit,
708 1688 848 1768 dissipata
858 1692 881 1763 ¹,
897 1704 926 1749 et

74 1780 195 1854 inculta,
212 1794 241 1840 ct
252 1784 344 1841 fluens
356 1795 400 1842 est
412 1783 519 1843 oratio.

114 1876 170 1932 Sed
189 1875 328 1953 quoniam
349 1896 409 1934 non
430 1878 518 1935 modo
539 1896 598 1934 non
622 1878 801 1954 frequenter,
822 1879 925 1935 verum

74 1967 163 2025 etiam
186 1969 253 2026 rard
276 1968 308 2027 in
330 1969 404 2029 veris
426 1970 519 2029 causis
548 1984 599 2029 aut
617 1969 779 2030 forensibus
799 1970 925 2031 circum-

59 2091 64 2101 ·
75 2060 182 2139 scripte
193 2063 403 2139 numeroseque
416 2062 571 2122 dicendum
585 2076 639 2136 cst,
653 2063 735 2141 sequi
752 2063 880 2137 videtur,
892 2079 925 2124 ut

75 2158 238 2232 videamus,
251 2179 315 2236 qnae
330 2159 387 2217 sint
403 2159 465 2231 illa,
483 2179 546 2237 qnae
562 2161 727 2238 supradixi
744 2161 846 2234 incisa,
861 2183 925 2239 quae

76 2251 216 2310 membra.
236 2255 303 2309 Haec
317 2251 394 2310 enim
406 2251 437 2310 in
447 2251 525 2310 veris
534 2251 628 2310 causis
642 2252 798 2311 maximam
810 2267 925 2333 partem

76 2344 215 2404 orationis
226 2345 368 2405 obtinent.
384 2349 502 2405 Constat
515 2344 592 2404 enim
603 2345 652 2403 ille
665 2345 790 2405 ambitus
799 2360 828 2406 et
839 2347 926 2426 plena

75 2438 295 2517 comprehensio
312 2458 329 2497 e
342 2452 468 2517 quatuor
482 2440 542 2498 fere
553 2438 698 2518 partibus,
715 2460 779 2517 quae
796 2441 925 2516 membra

75 2530 209 2603 dicimus,
225 2543 256 2589 ut
269 2544 299 2591 et
318 2552 403 2590 aures
414 2532 545 2612 impleat,
557 2545 587 2591 et
600 2552 637 2591 ne
648 2532 764 2591 brevior
779 2534 827 2607 sit,
840 2537 926 2612 quam

76 2627 145 2683 satis
160 2623 209 2695 sit,
228 2645 322 2703 neque
338 2625 464 2701 longior.
486 2631 659 2704 Quanquam
675 2639 833 2703 utrumque
850 2647 925 2686 nou-

76 2737 236 2794 nunquam,
251 2718 298 2775 vel
310 2716 408 2796 potius
422 2738 497 2799 saepe
512 2718 628 2791 accidit,
639 2732 673 2778 ut
684 2730 734 2777 aut
747 2706 833 2778 citids
844 2718 925 2778 insis-

109 2911 130 2950 t.
152 2906 279 2966 Dissipata.
307 2905 403 2952 Ciciron
431 2922 477 2950 em·
530 2924 543 2948 u
557 2914 606 2950 tum
619 2905 790 2951 ininstruendo
805 2907 858 2952 dissi
878 2919 927 2953 atus

74 2965 137 3027 ploie
151 2965 475 3026 dissipatusdanslesrnsde
529 2985 543 3011 α
560 2967 612 3016 suit.
639 2985 652 3012 r
679 2968 787 3030 (Brutus,
811 2925 875 3030 ml
891 2972 926 3014 De

75 3045 89 3070 a
103 3027 253 3082 desordonnl,
266 3029 376 3091 ddcousu,
387 3047 401 3072 ι
415 3045 474 3075 non·
527 3027 628 3076 l’inusiti
640 3031 690 3092 sipo
703 3047 734 3076 on
747 3047 811 3094 rupo,
826 3030 865 3090 qul
881 3031 927 3075 ale

74 3090 200 3134 seulement
209 3104 268 3150 pour
276 3092 310 3138 les
320 3091 408 3147 choses,
418 3091 475 3136 mais
527 3107 578 3137 sens
591 3093 620 3138 de
642 3107 719 3152 acere,
735 3092 879 3137 onniom'e
891 3091 940 3130 dis·

75 3167 133 3212 pour
156 3151 188 3196 les
206 3165 351 3211 personum:
370 3173 383 3198 α
400 3154 474 3201 Curio
530 3156 608 3218 ripere
624 3108 774 3219 (disjiceret,
791 3146 958 3217 inslrolssQW

70 3232 85 3254 α
98 3228 168 3271 qnam
187 3213 264 3260 tardus
288 3214 313 3261 in
337 3217 477 3282 cogitando,
532 3218 632 3283 picerel,
653 3217 767 3279 obsipute
781 3201 928 3270 K0l‘l‘0‘l‘l*
