2070 3524
425 187 557 233 URATOR.
883 193 912 231 8³

23 416 30 425 “
85 408 132 458 Du
143 406 210 477 style
224 403 355 471 oratoire3
370 405 468 475 figures
480 403 513 457 de
524 408 640 476 penedes,
654 405 752 476 figures
764 406 798 460 de
809 420 885 463 mots.

12 540 33 611 'l
69 572 76 579 ’
100 585 173 644 XX.
189 583 246 640 Sed
264 581 323 655 jam
342 583 436 640 forma
455 583 517 661 ipsa
537 595 624 642 restat
646 583 840 664 εῑχαρακτὴρι
863 586 912 644 ille

10 718 25 737 .,
60 676 114 754 qni
128 675 234 733 dicitur
246 698 254 748 ;
266 674 317 754 qui
331 675 423 753 qualis
442 695 503 735 esse
516 675 620 735 debeat
640 695 677 733 ex
693 676 729 735 iis
746 677 828 757 ipsis,
848 699 912 755 quae

10 760 28 805 !·
59 770 152 848 snprd
165 768 332 837 dictasunt,
345 767 466 846 intelligi
481 782 585 847 potest.
603 773 676 827 Nam
691 781 720 828 et
732 769 912 848 singulorum

11 892 16 897 ·
60 862 220 923 verborum
241 873 270 918 et
290 860 496 919 collocatorum
511 861 622 920 lumina
634 861 791 940 attigimus,
808 864 911 940 quibus

10 1024 12 1031 Ι
59 956 103 1016 sic
121 953 291 1027 abundabit,
317 966 351 1012 nt
370 954 493 1012 verbum
509 976 547 1014 ex
571 975 622 1014 ore
637 955 749 1014 nullum
781 956 837 1014 nisi
864 970 913 1016 aut

60 1051 179 1129 elegans
193 1059 243 1106 aut
251 1066 341 1125 grave
354 1060 449 1119 exeat,
459 1069 497 1107 ex
506 1048 642 1127 omnique
656 1069 762 1128 genere
774 1049 912 1128 frequen-

60 1141 178 1201 tissimae
190 1138 393 1199 translationes
407 1154 503 1215 erunt,
517 1139 596 1219 qudd
610 1162 651 1201 eae
670 1156 792 1222 propter
809 1142 912 1202 simili-

60 1234 191 1295 tudinem
214 1235 391 1292 transferunt
412 1235 534 1309 animos,
552 1247 581 1292 et
598 1235 729 1294 referunt
747 1256 780 1293 ac
794 1250 912 1295 movent

60 1328 120 1389 huc
129 1340 159 1388 et
171 1327 250 1402 illuc;
267 1327 316 1405 qui
337 1337 432 1385 motus
446 1325 628 1403 cogitationis
641 1325 774 1385 celeriter
790 1329 912 1405 agitatus

60 1440 115 1501 per
128 1441 159 1479 se
170 1421 232 1498 ipse
242 1419 374 1480 delectat.
388 1423 424 1476 Et
438 1418 561 1497 reliqua,
581 1438 618 1476 ex
642 1417 830 1477 collocatione
841 1440 910 1478 ver-

59 1514 166 1573 borum
175 1533 238 1593 quae
251 1524 404 1571 sumuntur
413 1510 624 1589 quasilumiua,
638 1530 774 1590 magnum
786 1510 911 1572 afferunt

59 1618 196 1666 ornatum
221 1604 358 1677 orationi;
381 1617 448 1663 sunt
470 1604 546 1663 enim
577 1603 682 1663 similia
703 1603 770 1677 illis,
794 1624 857 1683 qnae
880 1603 910 1662 in

59 1699 158 1777 amplo
165 1710 269 1757 ornatu
276 1717 369 1756 scenae
378 1711 426 1755 aut
433 1698 489 1755 fori
497 1697 680 1775 appellantur
689 1695 841 1775 insignia¹,
852 1717 910 1756 non

59 1790 139 1871 qudd
154 1790 215 1849 sola
230 1802 345 1863 ornent,
362 1789 412 1848 sed
434 1787 512 1866 quod
527 1790 697 1850 excellantl.
714 1791 822 1848 Eadem
837 1792 910 1848 ratio

59 1898 105 1946 est
116 1884 233 1955 horum,
249 1894 387 1960 quaesunt
398 1882 535 1941 orationis
544 1881 689 1941 luminaet
697 1882 911 1960 quodammodo

59 1977 203 2059 insignia:
219 1996 308 2054 quum
324 1986 374 2032 aut
386 1974 571 2055 duplicantur
585 1974 800 2054 iteranturquel
809 1975 908 2046 verba,

58 2083 108 2130 aut
135 2069 261 2128 breviter
285 2081 460 2127 commutata
478 2069 660 2147 ponuntur⁸3
683 2081 732 2128 aut
750 2067 787 2127 ab
806 2067 909 2127 eodem

91 2266 115 2308 t.
136 2260 219 2304 Forma
234 2268 256 2303 et
269 2257 406 2321 χαρακτήρ.
423 2259 456 2303 Le
513 2257 541 2303 de
550 2253 651 2301 l'inusite
666 2253 734 2313 cello,
755 2255 811 2299 dunc
826 2255 849 2299 le
859 2270 910 2300 sens

57 2323 131 2381 style,
144 2320 285 2381 l’empreinte
304 2322 362 2364 dont
380 2319 456 2364 l‘ecri·
511 2321 540 2364 de
551 2333 634 2362 moveo.

58 2384 113 2429 vain
119 2384 267 2428 oul’orateur
276 2389 397 2442 marqueut
410 2396 455 2426 une
542 2384 566 2426 4.
580 2378 735 2440 Dupllcanrur
743 2379 907 2439 iteranturque.

57 2445 119 2492 idee.
141 2445 267 2503 Quintilien
289 2443 323 2488 dit
344 2445 400 2487 dans
420 2458 455 2488 ses
510 2461 566 2485 -«
578 2446 650 2501 Bona,
663 2441 769 2486 miserum
780 2440 828 2486 mel
841 2441 909 2502 (con-

58 2508 207 2554 [mutuatione
225 2507 348 2566 oramine,
373 2505 413 2550 liv.
433 2508 454 2561 I,
511 2523 523 2547 α
535 2504 631 2564 sumptis
640 2503 702 2549 euim
713 2503 820 2559 lacrimis,
835 2513 910 2548 tamen

57 2570 96 2616 eli.
109 2583 153 2616 vr:
174 2588 187 2612 α
200 2569 317 2615 Utendum
328 2566 396 2627 plane
406 2581 454 2612 ser-
510 2585 523 2609 (ι
536 2567 620 2612 infixus
644 2565 720 2610 animo
748 2566 815 2610 haeret
832 2565 907 2623 dolor)

57 2650 73 2675 α
84 2646 167 2687 moue,
186 2641 212 2676 ut
223 2645 316 2675 nummo
325 2663 332 2685 ,
352 2628 388 2673 cul
410 2645 454 2688 pn·
511 2648 524 2670 «
536 2629 603 2684 bona,
623 2628 731 2687 inquam,
750 2628 793 2675 Cu.
807 2626 911 2687 Pompeii

58 2713 72 2737 α
83 2694 144 2741 blica
159 2691 231 2738 lorma
242 2702 285 2739 est.
300 2710 313 2734 n
511 2709 524 2733 «
536 2688 844 2748 acerbissimaevocisubjecta
852 2704 911 2747 prte-

90 2762 113 2802 2.
126 2757 241 2816 [asignia.
253 2756 347 2801 Comme
355 2753 456 2798 anthed-
514 2772 527 2796 α
537 2752 609 2799 conis.
622 2771 635 2795 »
656 2751 770 2813 (Cicer-on,
793 2749 908 2812 Philippi-

58 2829 101 2877 tre‚
115 2818 149 2863 les
157 2818 281 2877 diadema,
296 2817 328 2861 les
341 2825 455 2875 sceptres;
513 2834 526 2857 «
537 2831 601 2876 ques,
612 2817 646 2870 11,
654 2813 734 2874 xxvr.)
745 2815 910 2861 «Nuncetiam

58 2897 88 2925 au
98 2880 193 2941 Forum,
203 2880 236 2925 les
244 2881 343 2940 lieteurs,
357 2878 390 2922 les
401 2877 457 2921 lais·
513 2895 526 2919 <t
536 2879 606 2921 audes
623 2877 648 2921 in
664 2877 747 2920 horum
764 2886 910 2935 conspectum

58 2958 140 2990 ecam,
513 2939 623 2994 «venire,
635 2938 741 2999 proditor
751 2937 844 2998 patriae3
857 2952 911 2997 pro·

89 3008 113 3053 ³.
127 3002 263 3053 excellant.
269 3003 459 3050 Non-seulement
514 3019 527 3045 α
537 3001 606 3056 ditor,
618 3001 722 3060 inquam,
736 3001 821 3059 patria,
834 2998 911 3044 venire
970 3030 973 3035 -

57 3082 95 3115 eet
105 3065 173 3113 ellets
181 3068 211 3112 de
221 3067 279 3126 style
290 3075 373 3112 ornent
383 3065 404 3110 le
412 3064 458 3109 dis·
515 3082 527 3106 κ
537 3062 725 3108 andcslnhonrm
732 3070 888 3122 conspectum.
895 3076 909 3104 ι

58 3144 136 3188 cuuis,
148 3127 207 3173 mais
218 3127 248 3173 ils
260 3137 383 3174 ressortent
398 3142 458 3187 pour
515 3128 546 3175 A.
555 3125 696 3180 Herennius,
704 3125 756 3179 N,
766 3122 876 3173 unns

55 3190 116 3237 omui
129 3190 187 3239 dire.
207 3189 333 3239 Excellere
343 3200 377 3239 eat
386 3189 460 3238 forme
550 3187 942 3239 s.Actbrottercowmaur0·
