2070 3524
92 105 121 145 ta
452 98 584 143 ORATOR.

90 233 263 294 usurpamus
281 212 311 270 in
335 212 469 271 omnibus
493 210 576 270 dictis
597 223 626 269 et
646 211 743 284 factis,
762 209 892 268 minimis
919 226 946 270 et

91 306 244 386 maximis),
257 325 347 383 quum
358 304 429 378 hoc,
445 302 580 382 inquam,
594 304 697 362 decere
711 302 860 378 dicamus,
872 302 944 362 illud

90 421 149 460 non
162 400 283 472 decere,
299 411 328 458 et
340 398 371 457 id
387 418 611 477 usquequaque,
627 409 766 476 quantum
783 397 834 472 sit,
851 417 945 477 appa-

90 506 166 568 reat;
183 494 214 552 in
232 493 345 572 alioque
362 505 498 573 ponatur,
516 491 651 570 aliudque
666 503 758 550 totum
775 492 828 563 sit,
846 495 944 550 utrum

90 589 209 659 decere,
228 607 265 645 an
279 599 417 667 oportere
430 585 509 643 dicas
524 584 676 665 (oportere
690 584 767 644 enim
785 585 945 663 perfectio·

89 699 157 739 nem
177 681 305 740 declarat
320 678 407 738 officii
419 678 441 752 ¹,
462 698 521 756 quo
539 690 569 736 et
587 697 702 757 semper
724 678 869 737 utendum
886 691 942 751 est,

90 785 119 832 et
132 772 266 832 omnibus
276 795 283 830 ε
293 773 408 843 decere,
418 769 500 849 quasi
507 783 606 849 aptum
614 791 687 845 esse,
700 783 942 830 consentaneum-

89 885 146 944 que
158 865 282 944 tempori
299 877 327 923 et
339 883 471 943 personae
484 887 492 937 3
510 865 589 940 quod
602 883 692 941 quum
707 861 738 920 in
752 862 836 921 lactis
848 864 943 943 saepis·

90 958 173 1029 sime,
188 971 249 1015 tum
260 957 291 1016 in
302 957 386 1015 dictis
405 957 492 1029 valet,
508 955 539 1012 in
553 955 635 1014 vultu
649 952 785 1035 denique,
803 967 833 1014 et
848 969 940 1034 gestu,

90 1063 119 1109 et
133 1048 274 1130 incessu);
290 1052 449 1127 contraque
471 1047 540 1106 item
558 1049 699 1106 dedecere
711 1047 808 1127 (quod
822 1049 848 1107 si
858 1062 941 1128 poeta

89 1143 162 1220 fugit
179 1156 211 1201 ut
232 1141 390 1201 maximum
405 1140 525 1214 vitium,
545 1139 595 1219 qui
612 1154 712 1221 peccat
729 1141 833 1217 etiam,
852 1162 942 1221 quum

90 1235 178 1317 probi
192 1238 354 1295 orationem
365 1234 474 1312 affingit
486 1233 632 1314 improbo,
644 1235 769 1293 stultove
785 1233 939 1315 sapientis;

89 1329 113 1388 si
123 1329 249 1410 denique
261 1330 354 1411 pictor
369 1329 431 1388 ille'
442 1327 524 1403 vidit,
537 1328 663 1405 quumin
676 1327 853 1387 immolanda
864 1328 941 1409 Iphi-

89 1423 173 1500 geuia
190 1424 277 1483 tristis
293 1423 412 1484 Calchas
425 1435 509 1497 esset,
521 1421 649 1481 moestior
666 1423 794 1500 Ulysses,
808 1436 941 1481 moereret

89 1518 255 1596 Menelaus,
280 1517 492 1577 obvolvendum
510 1529 596 1596 caput
616 1515 841 1593 Agamemnonis
863 1536 938 1592 esse,

88 1609 226 1687 quoniam
240 1630 384 1668 summum
397 1609 481 1667 illum
495 1608 604 1667 luctum
617 1609 754 1689 penicillo
770 1629 831 1668 non
844 1622 942 1690 posset

88 1701 214 1776 imitari;
238 1702 263 1761 si
286 1701 409 1781 denique
432 1700 535 1760 histrio
544 1700 565 1775 ⁸,
590 1701 660 1780 quid
678 1703 794 1778 deceat,
817 1696 937 1781 quaerit:

88 1794 160 1874 quid
174 1794 336 1854 laciendum
363 1795 472 1853 oratori
488 1807 623 1873 putemus
631 1794 671 1873 i’);
698 1797 746 1854 sed
771 1814 863 1873 quum
885 1795 941 1853 hoc

89 1900 198 1946 tantum
215 1888 268 1964 sit,
286 1886 355 1966 quid
373 1886 404 1945 in
422 1887 514 1946 causis
528 1908 685 1966 earumque
707 1887 791 1966 quasi
804 1887 940 1947 membris

88 1979 188 2050 saciat,
202 1994 301 2038 orator
314 1980 431 2039 viderit.
448 1980 523 2039 Illud
542 1980 659 2059 quidem
677 1981 862 2061 perspicuum
878 1992 937 2055 est,

88 2092 148 2132 non
159 2073 248 2131 modo
269 2086 367 2154 partes
389 2072 544 2145 orationis,
560 2074 611 2133 sed
629 2074 716 2133 etiam
734 2093 836 2133 causas
850 2086 936 2148 toras,

88 2167 157 2226 alias
171 2168 228 2226 alit
240 2168 333 2226 forma
344 2167 459 2228 dicendi
470 2188 531 2228 esse
545 2169 719 2227 tractandas.

88 2397 101 2422 α
117 2377 207 2436 deceat,
223 2384 246 2423 et
259 2392 330 2439 genus
344 2377 437 2424 dicendi
450 2393 487 2424 re-
571 2386 595 2424 3.
622 2380 650 2425 Si
668 2378 769 2440 demque
786 2378 877 2437 histrio,
896 2387 938 2425 ete.

87 2456 101 2482 α
117 2439 367 2486 husaoeommodare.»
380 2430 487 2502 (Edition
540 2440 621 2488 C'etait
638 2441 752 2502 l’opinion
771 2442 801 2488 de
820 2441 937 2489 Roscius:

86 2501 207 2561 Lemaire.)
540 2502 676 2549 «Roscium
696 2519 755 2564 saepe
770 2503 840 2550 audio
856 2503 938 2563 dicere,

120 2570 143 2608 t.
165 2564 332 2625 Perseetionem
349 2564 437 2629 officii,
456 2580 488 2608 un
541 2584 554 2608 ι
568 2574 636 2625 caput
656 2581 704 2612 esse
729 2566 800 2623 artis,
824 2567 911 2612 decere.
926 2583 938 2607 ι

88 2625 169 2671 devoir
183 2626 271 2672 absolu.
543 2628 586 2687 (De
601 2627 725 2688 l'Omteur,
738 2630 757 2691 1,
771 2629 855 2687 xxix.)
865 2630 894 2673 Et
905 2627 941 2674 ei-

121 2693 145 2732 2.
167 2688 248 2733 Pictor
274 2687 325 2736 itte.
351 2687 486 2748 Timanthe,
540 2689 610 2734 ceron
627 2691 701 2749 ajoute
721 2704 727 2738 ε
747 2709 761 2734 α
780 2691 850 2749 Quod
867 2700 941 2735 tamen

88 2747 179 2808 peiutre
209 2765 281 2813 grec,
308 2750 340 2795 du
364 2749 488 2810 quatri'eme
542 2768 639 2797 cunum
648 2751 673 2796 id
687 2768 734 2798 esse
747 2753 812 2813 quod
825 2752 941 2799 trudiarts

88 2809 154 2857 siecle
167 2820 235 2857 avant
250 2814 272 2858 J.
286 2814 313 2860 C.
542 2832 555 2857 α
568 2830 616 2859 non
629 2814 711 2876 possit.
725 2832 739 2858 ι
