2070 3524
345 214 347 219 ·
433 199 566 245 ORATOR.
898 204 927 246 7⁸

73 311 193 390 cogitet,
210 312 316 391 quibus
339 312 436 371 verbis
463 315 591 391 quidque
605 313 692 384 dicat,
706 326 756 372 aut
767 315 924 390 quomodo.

72 411 169 480 Quem
197 407 294 479 etiam,
323 427 381 484 quo
396 407 533 484 grandior
552 409 589 466 sit
603 421 631 466 et
644 408 859 485 quodammodo
873 429 927 467 ex·

73 498 192 570 celsior,
208 511 239 557 ut
257 501 292 557 de
306 499 416 557 Pericle
430 500 491 558 dixi
507 502 605 579 snpra,
622 521 658 559 ne
672 501 928 579 physicorumqui-

73 594 143 651 dem
161 612 223 650 esse
233 592 365 669 ignarum
379 593 457 650 volo.
473 593 576 650 Omnia
596 592 739 672 proiecti),
762 614 851 672 quum
867 615 897 653 se
911 617 928 652 a

74 684 241 744 coelestibus
264 685 350 743 rebus
369 686 474 743 referet
488 687 525 743 ad
538 687 690 756 humanas,
710 687 851 746 excelsius
864 708 928 746 rna·

75 778 317 857 gnificentilrsque
333 791 362 837 et
376 779 451 837 dicet
464 791 493 836 et
507 779 610 837 sentiet
619 781 639 838 1.
654 783 805 856 Quumque
819 779 866 837 illa
881 781 927 839 di·

77 871 145 929 vina
154 869 333 948 cognoverit,
348 871 416 929 nolo
425 870 582 947 ignoretne
592 871 653 929 haec
663 873 779 948 quidem
788 873 925 932 humana.

75 968 92 1023 J
95 984 130 1023 us
143 963 226 1024 civile
239 977 347 1037 teneat,
361 985 418 1043 qno
433 976 519 1041 egent
531 983 624 1022 causae
644 965 771 1022 forenses
786 964 951 1042 quotidie.''

75 1057 155 1130 Quid
168 1069 211 1115 est
223 1056 300 1116 enim
315 1058 438 1137 turpius,
455 1059 541 1134 quam
555 1057 747 1135 legitimarum
759 1070 788 1116 et
800 1058 926 1116 civilium

74 1151 338 1209 controversiarum
350 1150 510 1231 patrocinia
518 1149 674 1227 suscipere,
682 1171 771 1228 quum
783 1149 821 1209 sis
833 1152 927 1229 legum

75 1256 106 1302 et
120 1242 211 1301 civilis
221 1244 295 1317 juris
307 1246 443 1321 ignarus?
457 1247 615 1322 Cognoscat
630 1243 716 1303 etiam
730 1258 928 1322 rerumgesta-

76 1357 143 1395 rum
171 1348 200 1394 et
226 1338 372 1395 memoriae
396 1337 502 1395 veteris
521 1335 664 1409 ordinem,
682 1336 806 1393 maxime
819 1338 928 1397 scilicet

75 1440 183 1488 nostrae
201 1430 333 1504 civitatis,
355 1431 406 1488 sed
420 1442 449 1488 et
462 1428 684 1507 imperiosorum
698 1430 889 1508 populorum²
899 1446 928 1491 et

74 1543 179 1600 regum
199 1522 370 1595 illustrium;
394 1542 481 1600 quem
495 1522 625 1581 laborem
640 1520 724 1580 nobis
737 1522 824 1580 Attici
837 1526 927 1582 nostri

75 1615 186 1676 levavit
199 1615 363 1693 labor,qui,
372 1616 547 1674 conservatis
560 1615 722 1692 notatisque
736 1616 925 1694 temporibus,

75 1708 150 1768 nihil
170 1729 259 1787 quum
276 1708 387 1766 illustre
401 1707 641 1786 praetermitteret,
660 1728 802 1767 annorum
817 1709 927 1788 septin-

75 1815 231 1882 gentorum
256 1802 424 1860 memoriam
448 1823 507 1860 nno
533 1802 610 1860 libro
637 1801 795 1879 colligavit.
811 1802 927 1862 Nescire

75 1907 190 1966 autem,
213 1895 283 1973 quid
299 1896 364 1953 ante
381 1899 469 1972 quarn
493 1907 576 1953 natus
598 1894 636 1951 sis
659 1893 806 1966 acciderit,
831 1894 861 1952 id
884 1909 927 1952 est

75 2008 194 2067 semper
208 2008 270 2047 esse
290 2009 424 2067 puerum.
447 1988 523 2063 Quid
544 1988 621 2047 enim
644 1999 686 2045 est
703 2000 769 2045 aetas
788 1987 924 2063 hominis,

74 2080 133 2141 nisi
144 2080 284 2141 memoria
298 2102 394 2141 rerum
408 2093 539 2140 veterum
553 2101 618 2138 cum
640 2081 836 2158 superioribus
853 2101 925 2139 con·

75 2175 201 2234 texitur?
214 2175 453 2234 Commemoratio
467 2186 561 2232 autern
576 2173 754 2250 antiquitatis
773 2174 924 2253 exemplo·

74 2288 199 2346 rumque
209 2268 345 2347 prolatio,
361 2273 549 2326 summarum
563 2262 764 2339 delectatione,
782 2278 811 2324 et
823 2280 925 2324 aucto-

76 2362 192 2421 ritatem
204 2360 328 2420 orationi
343 2359 426 2419 affert
436 2373 465 2418 et
475 2360 573 2418 fidem.

79 2568 90 2597 r
98 2547 195 2607 artibus,
207 2562 264 2607 quas
275 2545 316 2607 qni
326 2555 411 2604 tenent,
423 2562 473 2592 eru·
559 2552 582 2593 2.
595 2546 771 2605 Imperiosorum
778 2543 922 2616 populorum.

78 2632 91 2656 a
100 2609 145 2657 diti
159 2609 319 2669 appellantur),
332 2618 370 2653 aut
384 2623 413 2653 ne
432 2608 473 2653 de-

73 2672 218 2718 «terruisset
243 2671 299 2716 alios
319 2687 332 2715 a
356 2670 473 2718 studiis.»

75 2736 134 2797 (Des
141 2735 201 2779 craia
211 2734 282 2790 biens,
290 2743 345 2794 etc„
359 2734 379 2791 1,
388 2735 440 2793 vn.)

107 2806 131 2845 4.
144 2799 176 2842 Et
189 2795 281 2840 dicerer
291 2799 381 2843 sentiet.
397 2795 417 2840 ll
428 2795 475 2839 lant

73 2859 126 2905 voir
138 2867 197 2904 cette
215 2857 266 2904 idde
282 2857 420 2916 developpee
433 2872 475 2917 par

73 2920 173 2968 ciceron
186 2919 304 2966 lui-meme
319 2920 375 2964 dans
388 2918 409 2963 le
421 2934 474 2978 pre·

73 2983 132 3030 mier
142 2981 199 3027 livre
210 2981 249 3026 des
260 2982 314 3027 hoie
328 2980 373 3054 (ch.
386 2982 472 3042 xxn1):

74 3061 107 3091 on
114 3060 143 3090 ne
151 3054 207 3104 peut
212 3043 261 3090 rien
269 3043 381 3106 imaginer
388 3044 417 3089 de
424 3043 475 3103 plns

72 3106 193 3168 eloquent.

526 2607 668 2670 Magnifique
685 2621 816 2666 expression
830 2621 875 2666 que
888 2607 924 2652 ci-

526 2670 595 2714 ceron
606 2678 727 2730 emprunte
738 2667 853 2714 dEnnins.
862 2671 925 2714 Nous

525 2740 637 2776 tronvons
654 2732 675 2776 le
695 2745 745 2776 vers
765 2731 838 2777 meme
858 2731 925 2775 d'En-

526 2793 578 2838 nius
588 2809 616 2837 an
625 2792 724 2853 premier
735 2791 791 2837 livre
805 2792 833 2837 de
843 2793 867 2837 la
881 2794 924 2839 Re·

523 2855 645 2917 publique,
660 2856 772 2915 chap.11:
788 2873 800 2896 «
812 2854 925 2914 Equidem

528 2935 542 2961 α
553 2917 745 2978 quemadmodum
754 2917 821 2962 nrbes
833 2933 925 2978 magnas

528 2998 541 3022 «
553 2989 621 3039 atque
632 2979 774 3039 imperiosas,
790 2989 816 3023 ut
825 2978 925 3038 appellat

528 3040 655 3100 «Ennius,
677 3040 756 3086 viculis
782 3049 805 3086 et
830 3038 925 3085 castellis

529 3122 542 3146 α
554 3102 708 3164 praeferendas
716 3112 789 3162 puto,
797 3120 813 3142 u
824 3109 936 3154 exessu
