2070 3524
87 244 116 285 90
444 233 575 282 ORATOR.

87 353 193 433 populo
207 357 349 424 Romano,
363 362 469 430 quanta
480 352 517 409 de
530 349 623 420 nullo,
635 351 673 409 de
685 348 815 408 artificio
825 346 930 408 dicendi
959 386 963 393 ,

87 446 190 505 litteris
211 458 270 504 tam
292 445 382 503 multa
407 445 556 503 mandare.
582 442 691 515 Quibus
715 443 741 502 si
766 441 842 500 nihil
862 441 929 500 aliud

88 541 303 618 responderem,
316 537 381 608 nisi,
398 557 445 596 me
461 540 502 594 M.
520 539 611 593 Bruto
628 555 738 612 negare
754 533 871 611 roganti
882 552 929 592 no·

87 631 185 705 luisse,
200 632 278 704 justa
293 642 368 689 esset
382 629 540 698 excusatio,
559 648 648 706 quum
670 641 699 687 et
714 626 889 687 amicissimo
905 638 929 685 et

88 724 323 806 praestantissimo
333 724 396 782 viro
409 736 437 783 et
450 735 529 781 recta
548 733 576 780 et
589 723 710 781 lionesta
727 721 840 800 petenti
853 719 928 779 saus·
955 778 959 795 5

89 823 184 879 facere
205 818 370 877 voluissem.
403 818 459 875 Sed
482 815 506 874 si
528 816 684 893 profiterer
709 813 804 892 (quod
829 812 927 873 utinum

89 933 202 991 possem
213 913 247 991 l),
272 931 319 969 me
342 909 476 969 studiosis
492 907 606 995 dicendi
630 919 777 987 praecepta
807 919 837 966 et
857 905 926 986 quasi
959 918 974 1001 ’Ἰ

90 1006 161 1076 vias,
182 1026 246 1082 qnae
263 1007 300 1061 ad
319 1004 511 1080 eloquentiam
532 1003 652 1070 ferrent,
668 1001 858 1073 traditurum,
874 998 927 1077 quis
965 1006 974 1073 ,i

90 1101 205 1157 tandem
222 1097 252 1154 id
273 1097 364 1169 justus
384 1116 481 1153 rerum
507 1095 662 1153 aestimator
686 1090 927 1173 reprehenderet?

89 1193 163 1248 Nam
174 1189 237 1265 quis
248 1208 374 1264 unquam
386 1187 538 1258 dubitavit,
553 1186 621 1264 quin
636 1186 665 1245 in
678 1187 830 1266 republicd
843 1190 928 1245 nosut
970 1222 973 1227 -

90 1283 198 1362 primas
225 1281 388 1359 eloquentia
408 1281 533 1340 tenuerit
558 1301 684 1360 semper,
709 1279 830 1338 urbanis
855 1298 929 1358 paca·

92 1376 184 1454 tisque
195 1375 297 1445 rebus,
315 1376 454 1433 secundus
469 1373 542 1447 juris
554 1373 688 1431 scientia?
705 1392 795 1450 quum
809 1373 840 1431 in
851 1371 929 1431 altera

91 1470 201 1547 gratiae,
220 1469 328 1545 gloriae,
348 1467 473 1546 praesidii
492 1466 649 1545 plurimum
672 1477 771 1537 esset3
793 1466 824 1523 in
850 1465 930 1523 alteri

91 1561 340 1642 praescriptionum
379 1559 601 1637 cautionumque
634 1557 837 1637 praeceptio¹;
877 1575 932 1636 que

92 1656 207 1733 quidem
219 1654 281 1732 ipsu
300 1653 437 1710 auxilium
449 1651 485 1710 ab
502 1650 665 1730 eloquentia
680 1670 755 1729 saepe
767 1663 889 1729 peteret,
903 1650 933 1708 el

92 1748 161 1805 vero
177 1756 353 1822 repugnante
372 1745 422 1801 vix
442 1765 507 1802 suas
530 1743 662 1820 regiones
685 1745 815 1822 finesque
838 1745 931 1803 desen-

92 1841 184 1896 deret.
198 1840 256 1895 Cur
266 1836 353 1912 igitur
368 1835 416 1915 jus
431 1836 514 1894 civile
534 1838 640 1895 docere
655 1857 770 1915 semper
787 1837 934 1916 pulchrum

94 1931 157 2001 suit,
167 1929 373 2005 hominumque
384 1929 611 1988 clarissimorum
621 1929 770 2007 discipulis
784 1930 936 1989 floruerunt

93 2025 194 2080 domus
210 2044 216 2079 :
234 2024 270 2078 ad
284 2021 437 2078 dicendum
449 2022 473 2078 si
484 2021 549 2100 quis
563 2034 658 2092 acuat,
672 2033 722 2079 aut
733 2023 851 2095 adjuvet
865 2022 895 2081 in
906 2039 936 2079 eo

90 2115 280 2196 juventutem,
298 2114 501 2193 vituperetur?
516 2117 589 2172 Nam
603 2116 627 2172 si
639 2115 773 2173 vitiosum
790 2127 834 2174 est
845 2115 937 2173 dicere

94 2209 205 2286 ornate,
222 2207 346 2287 pellatur
363 2207 480 2266 omnino
495 2228 511 2266 e
524 2207 638 2265 civitate
653 2208 837 2285 eloquentia3
851 2207 895 2266 sin
908 2227 937 2265 ea

94 2323 151 2361 non
163 2302 250 2360 modi)
269 2322 318 2360 eos
333 2314 428 2375 ornat,
442 2321 531 2381 penes
544 2320 615 2377 quos
634 2313 687 2372 est,
705 2299 858 2358 sedetiam
875 2299 937 2358 uni·

95 2415 207 2452 versam
231 2392 451 2470 rempublicam,
478 2413 531 2451 cur
559 2404 609 2450 aut
640 2393 751 2452 discere
780 2405 866 2472 turpe
888 2403 937 2462 est,

94 2487 172 2562 qnod
183 2486 257 2542 scire
268 2485 419 2542 honestum
431 2497 492 2558 est;
509 2497 569 2557 aut,
589 2486 666 2562 quod
680 2488 765 2544 nosse
783 2483 940 2564 pulcherri-

95 2598 173 2635 mum
185 2589 238 2647 est,
252 2576 282 2634 id
293 2596 350 2634 non
363 2576 520 2652 gloriosum
533 2590 577 2635 est
589 2579 712 2636 docere?

81 2720 84 2727 .
135 2676 172 2728 At
183 2670 305 2727 alterum
317 2668 473 2726 factitatum
488 2682 541 2739 est,
553 2670 676 2727 alterum
690 2690 808 2728 novum.
822 2674 939 2729 Fateor.¹

96 2764 146 2820 sed
165 2763 314 2839 utriusque
335 2762 377 2820 rei
401 2783 487 2819 rausa
510 2774 564 2821 est.
588 2763 703 2820 Alteros
725 2762 802 2821 enim
820 2781 942 2841 respon-

95 2855 194 2913 dentes
217 2856 317 2918 audire
335 2866 379 2912 sat
400 2866 473 2924 erat,
491 2867 524 2912 ut
543 2855 579 2927 ii,
604 2855 653 2932 qui
667 2857 816 2926 docerent,
834 2855 943 2913 nullum

96 2945 150 3002 sibi
170 2948 207 3004 ad
225 2967 288 3004 earn
303 2967 365 3005 rem
381 2959 493 3027 tempus
506 2948 561 3027 ipsi
572 2960 756 3027 seponerent,
776 2950 828 3006 sed
844 2950 942 3007 eodem

120 3181 494 3244 l.Persecutionum...prareptiq
544 3179 581 3226 ees
598 3193 734 3238 oupourse
763 3178 849 3223 arantir
861 3179 902 3234 des
911 3186 943 3224 at·

94 3241 127 3288 les
136 3242 211 3307 regies
216 3260 281 3307 pour
288 3243 390 3294 intentur
402 3261 434 3293 nn
442 3262 498 3310 pro·
548 3252 630 3306 taqnes
641 3242 672 3286 de
683 3254 728 3284 son
740 3255 755 3282 u
770 3239 880 3284 rersdue.
