2070 3524
92 134 122 176 dt
450 132 582 177 ORATOR.

93 242 206 319 tragicis
225 244 428 315 concederem,
449 255 482 300 ut
502 242 561 300 ne¹
587 241 722 299 omnibus
747 240 822 300 locis
845 243 940 300 eddom

93 335 276 395 contentione
300 349 467 408 uterentur,
493 333 654 413 crebrbque
678 346 846 407 mutarent,
873 355 942 394 non·

92 449 240 505 nunquam
250 429 335 485 etiam
347 430 385 486 ad
396 427 595 506 quotidianum
607 448 697 505 genus
710 426 857 486 sermonis
867 446 942 487 acce·

93 523 195 580 derent
210 543 217 579 ι
233 521 294 599 ipse
312 541 460 598 nunquam
479 520 516 579 ab
535 520 584 579 illa
601 519 743 579 acerrimd
757 520 942 579 contentione

93 614 285 671 discederem?
300 616 357 672 Sed
369 614 439 692 quid
453 625 552 693 poetas
566 612 663 672 divino
676 612 795 690 ingenio
808 614 942 691 profero?

92 706 253 767 Histriones
274 728 322 766 eos
341 707 483 780 vidimus,
507 706 609 785 quihus
629 706 702 764 nihil
720 717 820 785 posset
841 704 875 765 in
894 726 943 765 suo

92 820 197 878 genere
212 822 273 859 esse
287 800 480 880 praestantius,
496 801 547 878 qui
566 820 625 858 non
640 799 734 857 solhm
751 797 783 857 in
804 797 942 858 dissimil-

93 894 168 951 limis
185 893 317 973 personis
338 892 561 969 satisfaciebant,
580 914 669 970 quum
689 905 787 950 tamen
808 893 840 951 in
864 893 941 951 suis¹

93 974 286 1058 versarentur,
301 988 352 1044 sed
363 998 391 1044 et
402 988 563 1044 comoedum
581 985 611 1043 in
628 983 774 1061 tragoediis
792 998 821 1043 et
839 995 941 1062 trago-

91 1080 160 1136 dum
182 1077 212 1135 in
235 1078 383 1136 comoediis
407 1080 561 1137 admodum
580 1079 695 1159 placere
718 1077 860 1138 vidimus.
887 1083 942 1156 Ego

92 1192 150 1229 non
164 1171 326 1230 elaborem?
339 1176 435 1246 Quum
448 1172 513 1231 dico
531 1191 588 1245 me,
605 1185 643 1244 te,
660 1175 760 1242 Brute,
774 1170 855 1229 dico.
870 1176 941 1229 Nam

92 1267 121 1321 in
135 1283 181 1322 me
193 1263 308 1341 quidem
317 1263 491 1344 jampridem
504 1262 639 1343 effectum
653 1276 706 1336 est,
719 1263 798 1340 quod
812 1263 942 1322 futurum

93 1357 155 1414 fuit.
172 1363 214 1415 Tu
230 1369 326 1416 autem
341 1359 441 1416 eodem
456 1358 543 1414 modo
558 1376 657 1415 omnes
671 1376 773 1414 causas
790 1361 882 1433 ages?
896 1368 942 1415 aut

92 1451 207 1528 aliquod
230 1472 380 1510 causarum
403 1471 494 1529 genus
515 1448 695 1529 repudiabis?
715 1461 764 1505 aut
785 1447 818 1507 in
840 1449 941 1508 iisdem

91 1542 183 1601 causis
195 1556 366 1623 perpetuum
381 1555 411 1602 et
419 1545 552 1602 eumdem
565 1541 698 1622 spiritum
712 1541 773 1599 sine
784 1541 845 1600 ulla
858 1564 939 1602 com·

92 1636 248 1693 mutatione
267 1634 429 1695 obtinebis?
454 1635 663 1694 Demosthenes
695 1633 830 1712 quidem,
860 1636 941 1709 cujus

90 1749 183 1808 nuper
208 1729 284 1787 inter
316 1729 452 1808 imagines
476 1743 539 1789 tuas
562 1752 596 1790 ac
617 1743 732 1789 tuorum
752 1727 846 1809 (qubd
861 1752 939 1811 eum,

91 1828 189 1899 credo,
203 1826 341 1906 amares),
354 1848 442 1905 quum
455 1826 491 1884 ad
503 1839 531 1886 te
546 1828 576 1886 in
584 1828 775 1886 Tusculanum
785 1827 938 1906 venissem,

90 1919 243 1995 imaginem
255 1939 291 1978 ex
302 1940 359 1979 aere
381 1920 450 1996 vidi,
472 1920 544 1977 nihil
565 1920 657 1998 Lysiae
674 1919 832 1980 subtilitate
851 1922 939 1994 cedit,

90 2012 161 2070 nihil
190 2011 309 2087 argutiis
332 2026 360 2071 et
387 2013 519 2072 acumine
542 2014 697 2092 Hyperidi,
724 2014 799 2072 nihil
824 2014 939 2073 levitate

90 2102 217 2175 AEsehini
240 2117 268 2162 et
288 2105 442 2183 splendore
468 2107 634 2169 verborum.
659 2106 757 2165 Multae
784 2120 853 2166 sunt
877 2108 938 2180 ejus

89 2211 154 2258 totae
169 2197 314 2257 orationes
329 2199 457 2273 subtiles,
488 2211 520 2257 ut
544 2211 644 2257 contra
661 2199 828 2278 Leptinem3
842 2200 938 2258 multae

89 2306 154 2351 totae
166 2312 279 2368 graves,
291 2304 323 2349 ut
334 2295 465 2369 quaedam
478 2292 663 2372 Philippirae3
684 2292 781 2350 multae
792 2292 891 2367 variae,
905 2304 937 2351 ut

89 2399 188 2446 contra
198 2385 361 2443 AEschinem
373 2385 449 2443 falsae
460 2385 636 2462 legationis³‚
644 2399 676 2444 ut
689 2399 789 2444 contra
804 2389 936 2446 eumdem

953 2517 957 2571 l

88 2582 217 2644 plusvirile.
226 2582 328 2642 Plusque
335 2595 458 2641 personne,
466 2580 483 2624 il
538 2583 598 2627 crois
615 2583 679 2627 biens
692 2592 715 2627 et
725 2582 765 2627 des
779 2584 841 2628 vrais
854 2599 935 2639 rnauae,

87 2655 125 2690 eut
134 2645 214 2692 besoin
230 2645 301 2690 d'dtre
312 2642 412 2688 delenrlu
426 2658 482 2687 con·
538 2645 559 2703 1,
571 2645 634 2706 vm.)
649 2662 663 2687 ιι
673 2647 709 2690 Ex
720 2659 767 2704 quo
778 2644 879 2691 efficitur
888 2662 937 2691 non

86 2717 121 2752 tre
133 2723 170 2753 ees
183 2706 312 2753 seductione
321 2705 352 2749 du
362 2704 429 2763 style,
441 2705 482 2765 qui
538 2723 551 2749 «
563 2717 589 2751 ut
602 2706 706 2766 voluptas
722 2722 750 2750 ac
766 2706 796 2751 sit
812 2708 936 2769 voluptas5

86 2768 188 2814 auraicnt
198 2767 284 2813 aliaibli
295 2784 319 2812 sa
330 2768 417 2827 parole.
537 2786 551 2811 ιι
565 2770 604 2813 sod
623 2779 648 2814 ιιι
664 2768 768 2829 voluptas
786 2784 813 2812 ne
829 2769 860 2814 sit
873 2785 936 2815 surn-

119 2838 141 2876 l.
157 2833 186 2876 Ut
196 2846 231 2875 nc.
247 2832 285 2876 On
299 2827 396 2888 emploie
409 2827 480 2873 indii·
537 2848 551 2873 α
562 2847 624 2875 mum
637 2831 751 2877 bonum.»
763 2828 935 2890 (lb.,11,vn1.)

87 2892 217 2939 ldremment
226 2902 252 2936 ut
260 2907 288 2935 ne
300 2908 330 2936 ou
338 2901 363 2934 ιιι
372 2907 416 2934 non
426 2892 482 2937 dans
568 2899 588 2936 2.
603 2896 634 2939 In
645 2894 700 2937 suis.
713 2895 775 2937 Dans
788 2891 821 2937 les
834 2893 895 2939 rdles
907 2893 936 2937 da

86 2957 170 3003 lessus
189 2957 218 3001 de
234 2954 296 3016 quin.
312 2972 325 2995 «
340 2951 400 2998 Fieri
418 2954 480 2998 nullo
534 2954 583 3000 lour
594 2954 784 3015 emploi300mmc
793 2970 824 2999 on
834 2954 870 3000 dit
880 2956 936 3001 cbez

86 3036 100 3062 ι
111 3030 178 3078 paeto
197 3026 285 3079 potest,
303 3026 328 3060 ut
344 3030 389 3059 non
405 3015 478 3076 diens,
534 3032 591 3061 nous
602 3017 635 3062 les
643 3014 709 3075 pircs
720 3014 845 3077 nobles,les
856 3033 936 3063 αιιιοιι·

85 3098 99 3123 ιι
110 3080 168 3140 quid
178 3096 225 3126 non
238 3078 323 3141 probes
335 3081 396 3155 ejus,
407 3095 420 3123 a
433 3094 480 3139 quo
533 3093 600 3137 reux,
612 3077 645 3123 les
654 3077 753 3137 grandes
762 3089 888 3148 ecpuettcs.

84 3141 235 3194 wlfwoldus.
250 3161 265 3187 >t
286 3141 410 3207 (ciceron,
434 3147 481 3191 Dea
567 3138 939 3197 u.1tatraetegauoms,usaos·
