2070 3524
94 267 137 306 tto
450 261 583 307 ORATOR.

92 389 192 456 putata
204 376 374 454 loquuntur,
389 388 418 434 et
431 395 481 435 eos
494 372 728 455 vituperaut‚qui
740 387 808 455 apta
821 387 849 433 et
860 373 924 432 finite

92 469 292 550 pronuntiant.
301 469 331 528 si
341 469 474 527 inanibus
484 468 591 542 verbis,
603 468 774 546 levibusque
784 468 924 538 sententiis,
974 538 979 559 ⁴

91 564 171 636 jure:
188 564 233 621 sin
247 562 345 642 probae
357 583 419 633 res,
433 563 507 621 lecta
520 561 627 634 verba,
641 561 712 640 quid
727 574 782 632 est,
795 581 845 621 cur
856 561 926 619 clau
971 562 979 645 ³.

92 658 161 714 dere
179 667 228 712 aut
240 653 371 714 insistere
385 654 547 714 orationem
563 655 673 725 malint‚
691 656 781 733 Qum
791 674 854 713 cum
870 672 925 712 seu·
976 650 979 723 J

92 749 182 807 tentid
196 748 304 829 pariter
318 752 492 808 excurrere?
505 751 561 808 Hic
575 749 651 807 enim
664 747 826 808 invidiosus
839 767 926 807 nume·
975 750 978 815 J

94 840 927 922 rusuihilaffertaliud‚nisiutsitaptdverbiscompreheusa

93 937 234 996 sententia
249 960 255 995 z
271 938 350 1013 quod
361 937 393 994 fit
404 936 490 994 etiam
504 936 541 994 ab
552 935 689 1014 antiquis,
705 937 757 996 sed
772 937 928 1015 pierumque

93 1051 172 1100 casu,
186 1050 262 1109 saepe
272 1033 391 1103 naturd;
404 1040 433 1088 et
443 1049 507 1107 quae
516 1029 598 1087 valde
610 1029 765 1089 laudantur
774 1030 852 1112 apud
863 1029 928 1099 illos,

94 1143 127 1181 ea
138 1124 209 1196 sere,
226 1123 292 1201 quia
307 1135 373 1181 suut
386 1124 532 1194 conclusa,
546 1123 711 1184 laudantur.
727 1128 763 1183 Et
773 1125 852 1205 apud
863 1126 944 1185 Grae.

93 1236 142 1274 cos
154 1215 271 1293 quidem
279 1214 340 1296 jam
352 1215 421 1274 anni
432 1218 525 1298 prope
541 1215 745 1296 quadringenti
762 1230 839 1290 sunt,
854 1236 930 1296 quun

93 1308 148 1369 hoc
161 1309 320 1390 probatur3
334 1330 387 1368 nos
401 1330 495 1390 nuper
510 1309 690 1388 agnovimus.
703 1314 781 1389 Ergo
798 1311 888 1371 Ennio
900 1309 931 1368 li·

92 1401 162 1473 cuit,
177 1413 275 1460 vetera
289 1401 496 1475 contemnenti,
509 1402 606 1461 dicere
620 1421 628 1462 :

145 1581 279 1648 Versibu’,
292 1600 360 1652 quos
371 1581 437 1634 olim
447 1580 533 1632 Fauni
546 1591 669 1651 vatesque
682 1582 844 1649 canebant¹3

97 1743 167 1800 mihi
179 1746 215 1799 de
231 1745 354 1821 antiquis
365 1748 467 1803 codem
478 1744 565 1804 modo
576 1762 636 1802 non
649 1741 769 1802 licebit?
780 1744 935 1825 praesertim

92 1856 181 1914 quum
190 1836 320 1895 dicturus
329 1856 388 1895 non
398 1837 470 1897 sim:
484 1863 498 1890 α
509 1843 583 1896 Ante
592 1836 737 1896 hunc²....
750 1864 763 1889 »
776 1838 880 1913 utille;
889 1859 937 1899 nec

91 1950 156 2008 quae
170 1942 344 2008 sequuntur:
365 1957 379 1983 α
393 1934 451 1989 Nos
466 1931 529 1990 ausi
542 1950 722 1991 reserare...
740 1957 754 1984 »
777 1932 850 2010 Legi
867 1932 938 1992 euim

91 2024 243 2103 audivique
256 2023 421 2095 nonnullos,
435 2043 562 2102 quorum
577 2027 790 2105 propemodum
811 2026 937 2086 absoluti

122 2283 144 2320 t.
174 2277 285 2338 Vatesque
311 2278 431 2324 canebant.
455 2280 487 2325 Ce

90 2352 182 2401 passage
203 2349 237 2385 est
260 2338 349 2386 dolairci
374 2356 416 2400 par
443 2355 487 2385 une

88 2400 183 2446 citatiou
194 2403 227 2448 du
232 2405 317 2448 Brutus
322 2403 399 2463 (ehep.
405 2404 485 2462 zvini:

91 2480 104 2502 u
115 2463 193 2519 Quid?
217 2463 290 2508 nostri
307 2472 394 2510 veteres
411 2479 488 2509 uersus

91 2524 155 2569 aubi
170 2534 230 2584 suut,
245 2543 257 2567 α
272 2527 335 2582 Quos
349 2526 403 2570 olim
416 2525 488 2571 Fauni

91 2603 103 2627 u
119 2596 225 2647 vatesque
236 2587 355 2645 cauebant,
364 2590 440 2644 Quum
448 2603 487 2632 ue-

90 2667 102 2689 «
118 2665 163 2709 que
177 2665 290 2695 musarum
303 2650 409 2710 scopulos
425 2648 487 2710 quis-

90 2729 102 2751 «
115 2727 184 2771 quam
207 2713 340 2773 superdrat,
362 2715 410 2758 Nec
431 2711 487 2756 dicti

90 2790 102 2813 u
116 2774 230 2819 studiosus
237 2784 324 2820 (παὶ...-
332 2776 389 2819 Ante
398 2774 466 2820 hune.
472 2793 486 2816 υ

89 2852 102 2874 ι(
118 2834 155 2879 uit
169 2835 218 2895 ipse
233 2838 313 2882 dese:
327 2850 370 2881 nec
381 2836 487 2881 mentitur

90 2914 101 2937 ι
117 2894 141 2939 iu
157 2897 277 2958 gloriando
291 2917 297 2957 ;
310 2897 343 2943 sie
362 2897 423 2943 enim
440 2913 487 2944 sese

90 2976 102 2997 u
114 2972 150 3002 res
165 2958 240 3006 habet.
253 2978 266 3002 u
281 2962 323 3006 Ces
334 2974 385 3005 vers
395 2961 487 3006 chantc's

88 3019 196 3065 autrefois
215 3036 256 3081 par
275 3022 306 3068 ies
325 3021 402 3066 iaunes
418 3032 441 3067 et
455 3023 487 3068 ies

88 3082 177 3140 devius,
191 3093 244 3128 sont
254 3099 284 3127 ou
294 3084 327 3128 les
341 3099 391 3129 vers
402 3083 486 3131 sescen-

87 3145 147 3207 nins‚
163 3146 203 3207 qui
214 3146 226 3192 e'
243 3145 333 3207 ayuient
341 3146 373 3191 les
384 3145 438 3192 fetes
448 3149 487 3194 des

54 3206 57 3211 '
87 3162 486 3273 campagnmdsaprdslamoisson,

77 3286 108 3317 ou
123 3272 159 3319 les
173 3273 255 3321 odauts
267 3274 310 3322 des
328 3271 401 3323 freres
418 3276 492 3322 Arua-

540 2275 581 2332 les,
604 2289 635 2321 ou
658 2290 715 2322 oeux
733 2277 774 2322 des
791 2279 880 2338 pretres
901 2280 939 2326 Sa·

541 2336 607 2383 licus.

573 2407 595 2443 2.
618 2400 679 2445 Ante
707 2398 776 2446 dunc.
801 2405 831 2450 Ce
852 2402 887 2450 eri
912 2403 940 2449 de

540 2460 655 2522 triomphe
674 2461 788 2508 d‘Ennius
808 2479 838 2511 no
857 2465 941 2512 revotts

540 2540 580 2584 pas
603 2523 707 2571 ciceron.
728 2528 761 2571 Le
785 2525 854 2573 rieux
875 2531 941 2588 pedite

540 2585 628 2632 romain
646 2586 777 2646 pretendait
789 2588 940 2649 qu’autreiois

540 2647 557 2692 ii
570 2648 631 2694 nvait
645 2649 681 2694 did
696 2650 804 2696 flomdre.
817 2670 831 2694 ι(
845 2651 939 2708 Ennius,

542 2729 555 2753 «
567 2721 590 2756 et
608 2710 712 2771 sapiens,
725 2720 749 2757 et
760 2712 838 2772 fortis,
852 2724 877 2760 et
886 2715 940 2760 uitet

541 2791 555 2814 α
568 2775 687 2830 Homerus,
695 2791 708 2815 u
718 2789 777 2819 nous
788 2775 825 2820 dit
837 2778 939 2836 Horace;

541 2834 596 2879 mais
607 2834 623 2878 ii
629 2845 662 2880 est
674 2835 749 2881 moins
762 2836 885 2910 indulgent
896 2852 940 2898 que

541 2898 637 2943 ciceron
658 2913 718 2958 pour
736 2908 796 2944 cette
817 2901 893 2946 vreiiie
904 2915 939 2946 re·

540 2960 643 3005 nominee
676 2961 748 3019 qu’ou
770 2960 803 3005 lui
834 2961 940 3023 opposuit

541 3038 594 3067 auec
613 3022 775 3080 malveiliance,
788 3031 811 3069 et
824 3039 861 3069 ces
876 3026 939 3069 ndre-

540 3084 585 3130 ries
602 3085 631 3130 de
646 3083 723 3130 l’t'ecole
746 3085 776 3130 de
793 3087 938 3149 Pythagore,

540 3147 628 3192 sorrinia
640 3145 824 3206 Pythagoreo,le
833 3154 939 3195 trouvent

541 3207 617 3253 moins
632 3207 725 3252 creduis
744 3224 792 3266 que
807 3224 845 3253 ses
860 3211 939 3254 deum

547 3285 616 3317 euers.
