<?xml version="1.0" encoding="UTF-8"?>
<!DOCTYPE html PUBLIC "-//W3C//DTD XHTML 1.0 Transitional//EN"
    "http://www.w3.org/TR/xhtml1/DTD/xhtml1-transitional.dtd">
<html xmlns="http://www.w3.org/1999/xhtml" xml:lang="en" lang="en">
 <head>
  <title>
</title>
<meta http-equiv="Content-Type" content="text/html;charset=utf-8" />
  <meta name='ocr-system' content='tesseract 3.04.00' />
  <meta name='ocr-capabilities' content='ocr_page ocr_carea ocr_par ocr_line ocrx_word'/>
</head>
<body>
  <div class='ocr_page' id='page_1' title='image "./orator00aubegoog/orator00aubegoog_0035.png"; bbox 0 0 2070 3524; ppageno 0'>
   <div class='ocr_carea' id='block_1_1' title="bbox 438 178 929 229">
    <p class='ocr_par' dir='ltr' id='par_1_1' title="bbox 438 178 929 229">
     <span class='ocr_line' id='line_1_1' title="bbox 438 178 929 229; baseline -0.004 -5"><span class='ocrx_word' id='word_1_1' title='bbox 438 178 573 229; x_wconf 63' lang='lat' dir='ltr'><strong>otiamur</strong></span> <span class='ocrx_word' id='word_1_2' title='bbox 902 184 929 223; x_wconf 79' lang='lat' dir='ltr'><strong>ts</strong></span> 
     </span>
    </p>
   </div>
   <div class='ocr_carea' id='block_1_2' title="bbox 73 289 1001 1669">
    <p class='ocr_par' dir='ltr' id='par_1_2' title="bbox 73 289 1001 1669">
     <span class='ocr_line' id='line_1_2' title="bbox 74 289 930 373; baseline -0.001 -21"><span class='ocrx_word' id='word_1_3' title='bbox 74 304 121 352; x_wconf 88' lang='lat' dir='ltr'><strong>est</strong></span> <span class='ocrx_word' id='word_1_4' title='bbox 136 289 175 350; x_wconf 91' lang='lat' dir='ltr'><strong>ab</strong></span> <span class='ocrx_word' id='word_1_5' title='bbox 189 289 334 350; x_wconf 89' lang='lat' dir='ltr'><strong>omnibus.</strong></span> <span class='ocrx_word' id='word_1_6' title='bbox 346 315 360 344; x_wconf 71' lang='lat' dir='ltr'><strong>u</strong></span> <span class='ocrx_word' id='word_1_7' title='bbox 369 295 487 350; x_wconf 86' lang='lat' dir='ltr'>Fateor:</span> <span class='ocrx_word' id='word_1_8' title='bbox 502 294 553 350; x_wconf 90' lang='lat' dir='ltr'><strong>sed</strong></span> <span class='ocrx_word' id='word_1_9' title='bbox 567 291 607 350; x_wconf 89' lang='lat' dir='ltr'><strong>ita</strong></span> <span class='ocrx_word' id='word_1_10' title='bbox 620 304 653 350; x_wconf 92' lang='lat' dir='ltr'><strong>ut</strong></span> <span class='ocrx_word' id='word_1_11' title='bbox 663 312 761 352; x_wconf 88' lang='lat' dir='ltr'><strong>rerum</strong></span> <span class='ocrx_word' id='word_1_12' title='bbox 773 292 930 373; x_wconf 82' lang='lat' dir='ltr'><strong>explicator</strong></span> 
     </span>
     <span class='ocr_line' id='line_1_3' title="bbox 74 385 929 466; baseline 0.001 -23"><span class='ocrx_word' id='word_1_13' title='bbox 74 386 219 466; x_wconf 88' lang='lat' dir='ltr'><strong>prudens,</strong></span> <span class='ocrx_word' id='word_1_14' title='bbox 238 404 363 458; x_wconf 84' lang='lat' dir='ltr'><strong>severus,</strong></span> <span class='ocrx_word' id='word_1_15' title='bbox 379 385 493 462; x_wconf 82' lang='lat' dir='ltr'><strong>gravis;</strong></span> <span class='ocrx_word' id='word_1_16' title='bbox 506 405 565 442; x_wconf 91' lang='lat' dir='ltr'><strong>non</strong></span> <span class='ocrx_word' id='word_1_17' title='bbox 578 398 611 443; x_wconf 90' lang='lat' dir='ltr'><strong>ut</strong></span> <span class='ocrx_word' id='word_1_18' title='bbox 625 385 656 443; x_wconf 92' lang='lat' dir='ltr'><strong>in</strong></span> <span class='ocrx_word' id='word_1_19' title='bbox 668 385 784 459; x_wconf 85' lang='lat' dir='ltr'><strong>judiciis</strong></span> <span class='ocrx_word' id='word_1_20' title='bbox 802 400 929 445; x_wconf 88' lang='lat' dir='ltr'><strong>versaret</strong></span> 
     </span>
     <span class='ocr_line' id='line_1_4' title="bbox 73 476 929 558; baseline 0.001 -21"><span class='ocrx_word' id='word_1_21' title='bbox 73 496 179 537; x_wconf 86' lang='lat' dir='ltr'>causas</span> <span class='ocrx_word' id='word_1_22' title='bbox 194 477 223 550; x_wconf 76' lang='lat'><strong>²,</strong></span> <span class='ocrx_word' id='word_1_23' title='bbox 246 477 297 534; x_wconf 88' lang='lat' dir='ltr'><strong>sed</strong></span> <span class='ocrx_word' id='word_1_24' title='bbox 318 489 350 534; x_wconf 90' lang='lat' dir='ltr'><strong>ut</strong></span> <span class='ocrx_word' id='word_1_25' title='bbox 371 476 401 534; x_wconf 91' lang='lat' dir='ltr'><strong>in</strong></span> <span class='ocrx_word' id='word_1_26' title='bbox 422 477 549 535; x_wconf 87' lang='lat' dir='ltr'><strong>historiis</strong></span> <span class='ocrx_word' id='word_1_27' title='bbox 568 477 643 536; x_wconf 88' lang='lat' dir='ltr'><strong>bella</strong></span> <span class='ocrx_word' id='word_1_28' title='bbox 660 491 809 552; x_wconf 89' lang='lat' dir='ltr'><strong>narraret;</strong></span> <span class='ocrx_word' id='word_1_29' title='bbox 834 480 929 558; x_wconf 88' lang='lat' dir='ltr'><strong>itaque</strong></span> 
     </span>
     <span class='ocr_line' id='line_1_5' title="bbox 74 569 929 648; baseline 0 -18"><span class='ocrx_word' id='word_1_30' title='bbox 74 590 227 648; x_wconf 88' lang='lat' dir='ltr'><strong>nunquam</strong></span> <span class='ocrx_word' id='word_1_31' title='bbox 247 582 290 627; x_wconf 89' lang='lat' dir='ltr'><strong>est</strong></span> <span class='ocrx_word' id='word_1_32' title='bbox 309 583 476 629; x_wconf 89' lang='lat' dir='ltr'><strong>numeratus</strong></span> <span class='ocrx_word' id='word_1_33' title='bbox 493 582 602 632; x_wconf 87' lang='lat' dir='ltr'><strong>orator.</strong></span> <span class='ocrx_word' id='word_1_34' title='bbox 624 575 683 630; x_wconf 88' lang='lat' dir='ltr'><strong>Nec</strong></span> <span class='ocrx_word' id='word_1_35' title='bbox 701 569 782 645; x_wconf 74' lang='lat' dir='ltr'><strong>veri),</strong></span> <span class='ocrx_word' id='word_1_36' title='bbox 796 572 821 630; x_wconf 90' lang='lat' dir='ltr'><strong>si</strong></span> <span class='ocrx_word' id='word_1_37' title='bbox 836 572 929 630; x_wconf 90' lang='lat' dir='ltr'><strong>histo-</strong></span> 
     </span>
     <span class='ocr_line' id='line_1_6' title="bbox 76 661 930 743; baseline 0 -20"><span class='ocrx_word' id='word_1_38' title='bbox 76 664 151 723; x_wconf 85' lang='lat' dir='ltr'><strong>riam</strong></span> <span class='ocrx_word' id='word_1_39' title='bbox 174 682 233 720; x_wconf 91' lang='lat' dir='ltr'><strong>uon</strong></span> <span class='ocrx_word' id='word_1_40' title='bbox 258 661 432 742; x_wconf 87' lang='lat' dir='ltr'><strong>scripsisset,</strong></span> <span class='ocrx_word' id='word_1_41' title='bbox 455 682 561 720; x_wconf 90' lang='lat' dir='ltr'><strong>nomen</strong></span> <span class='ocrx_word' id='word_1_42' title='bbox 589 663 650 735; x_wconf 86' lang='lat' dir='ltr'><strong>ejus</strong></span> <span class='ocrx_word' id='word_1_43' title='bbox 673 677 816 737; x_wconf 80' lang='lat' dir='ltr'><strong>exstaret,</strong></span> <span class='ocrx_word' id='word_1_44' title='bbox 842 685 930 743; x_wconf 92' lang='lat' dir='ltr'><strong>quum</strong></span> 
     </span>
     <span class='ocr_line' id='line_1_7' title="bbox 74 754 930 837; baseline 0.001 -23"><span class='ocrx_word' id='word_1_45' title='bbox 74 756 239 837; x_wconf 85' lang='lat' dir='ltr'><strong>praesertim</strong></span> <span class='ocrx_word' id='word_1_46' title='bbox 263 756 363 814; x_wconf 82' lang='lat' dir='ltr'><strong>luisset</strong></span> <span class='ocrx_word' id='word_1_47' title='bbox 380 755 538 814; x_wconf 88' lang='lat' dir='ltr'><strong>honoratus</strong></span> <span class='ocrx_word' id='word_1_48' title='bbox 565 768 595 814; x_wconf 89' lang='lat' dir='ltr'><strong>et</strong></span> <span class='ocrx_word' id='word_1_49' title='bbox 619 754 734 815; x_wconf 89' lang='lat' dir='ltr'><strong>nobilis.</strong></span> <span class='ocrx_word' id='word_1_50' title='bbox 764 756 857 837; x_wconf 86' lang='lat' dir='ltr'><strong>Hujus</strong></span> <span class='ocrx_word' id='word_1_51' title='bbox 886 770 930 815; x_wconf 89' lang='lat' dir='ltr'><strong>ta-</strong></span> 
     </span>
     <span class='ocr_line' id='line_1_8' title="bbox 76 848 929 926; baseline -0.004 -17"><span class='ocrx_word' id='word_1_52' title='bbox 76 870 146 909; x_wconf 86' lang='lat' dir='ltr'><strong>men</strong></span> <span class='ocrx_word' id='word_1_53' title='bbox 176 868 263 907; x_wconf 90' lang='lat' dir='ltr'><strong>nemo</strong></span> <span class='ocrx_word' id='word_1_54' title='bbox 293 868 386 926; x_wconf 89' lang='lat' dir='ltr'><strong>neque</strong></span> <span class='ocrx_word' id='word_1_55' title='bbox 411 848 565 906; x_wconf 86' lang='lat' dir='ltr'><strong>verborum</strong></span> <span class='ocrx_word' id='word_1_56' title='bbox 598 868 692 925; x_wconf 89' lang='lat' dir='ltr'><strong>neque</strong></span> <span class='ocrx_word' id='word_1_57' title='bbox 723 849 929 907; x_wconf 86' lang='lat' dir='ltr'><strong>sententiarum</strong></span> 
     </span>
     <span class='ocr_line' id='line_1_9' title="bbox 74 940 931 1021; baseline 0 -20"><span class='ocrx_word' id='word_1_58' title='bbox 74 942 249 1021; x_wconf 86' lang='lat' dir='ltr'><strong>gravitatem</strong></span> <span class='ocrx_word' id='word_1_59' title='bbox 266 940 411 1015; x_wconf 89' lang='lat' dir='ltr'><strong>imitatur;</strong></span> <span class='ocrx_word' id='word_1_60' title='bbox 431 943 497 1012; x_wconf 88' lang='lat' dir='ltr'><strong>sed,</strong></span> <span class='ocrx_word' id='word_1_61' title='bbox 519 962 608 1020; x_wconf 90' lang='lat' dir='ltr'><strong>quum</strong></span> <span class='ocrx_word' id='word_1_62' title='bbox 630 942 731 1001; x_wconf 90' lang='lat' dir='ltr'><strong>mutila</strong></span> <span class='ocrx_word' id='word_1_63' title='bbox 751 944 882 1021; x_wconf 86' lang='lat' dir='ltr'><strong>quaedam</strong></span> <span class='ocrx_word' id='word_1_64' title='bbox 902 955 931 1001; x_wconf 90' lang='lat' dir='ltr'><strong>et</strong></span> 
     </span>
     <span class='ocr_line' id='line_1_10' title="bbox 76 1035 930 1115; baseline 0 -21"><span class='ocrx_word' id='word_1_65' title='bbox 76 1036 186 1095; x_wconf 81' lang='lat' dir='ltr'><strong>hiantia</strong></span> <span class='ocrx_word' id='word_1_66' title='bbox 200 1035 289 1093; x_wconf 91' lang='lat' dir='ltr'><strong>locuti</strong></span> <span class='ocrx_word' id='word_1_67' title='bbox 300 1047 378 1107; x_wconf 86' lang='lat' dir='ltr'><strong>sunt,</strong></span> <span class='ocrx_word' id='word_1_68' title='bbox 394 1055 457 1112; x_wconf 89' lang='lat' dir='ltr'><strong>quae</strong></span> <span class='ocrx_word' id='word_1_69' title='bbox 473 1036 520 1094; x_wconf 91' lang='lat' dir='ltr'><strong>vel</strong></span> <span class='ocrx_word' id='word_1_70' title='bbox 536 1035 598 1094; x_wconf 72' lang='lat' dir='ltr'><strong>sine</strong></span> <span class='ocrx_word' id='word_1_71' title='bbox 615 1035 752 1112; x_wconf 81' lang='lat' dir='ltr'><strong>magistro</strong></span> <span class='ocrx_word' id='word_1_72' title='bbox 767 1037 860 1094; x_wconf 85' lang='lat' dir='ltr'><strong>lacere</strong></span> <span class='ocrx_word' id='word_1_73' title='bbox 874 1056 930 1115; x_wconf 92' lang='lat' dir='ltr'><strong>po-</strong></span> 
     </span>
     <span class='ocr_line' id='line_1_11' title="bbox 76 1128 930 1207; baseline 0.001 -20"><span class='ocrx_word' id='word_1_74' title='bbox 76 1140 206 1200; x_wconf 87' lang='lat' dir='ltr'><strong>tuerunt,</strong></span> <span class='ocrx_word' id='word_1_75' title='bbox 215 1129 383 1204; x_wconf 80' lang='lat' dir='ltr'><strong>germanos²</strong></span> <span class='ocrx_word' id='word_1_76' title='bbox 394 1148 425 1187; x_wconf 91' lang='lat' dir='ltr'><strong>se</strong></span> <span class='ocrx_word' id='word_1_77' title='bbox 433 1140 535 1207; x_wconf 86' lang='lat' dir='ltr'><strong>putant</strong></span> <span class='ocrx_word' id='word_1_78' title='bbox 547 1147 609 1187; x_wconf 87' lang='lat' dir='ltr'><strong>esse</strong></span> <span class='ocrx_word' id='word_1_79' title='bbox 620 1128 813 1206; x_wconf 86' lang='lat' dir='ltr'><strong>Thucydidas.</strong></span> <span class='ocrx_word' id='word_1_80' title='bbox 824 1131 930 1188; x_wconf 89' lang='lat' dir='ltr'><strong>Nactus</strong></span> 
     </span>
     <span class='ocr_line' id='line_1_12' title="bbox 74 1219 929 1301; baseline -0.002 -21"><span class='ocrx_word' id='word_1_81' title='bbox 74 1241 142 1280; x_wconf 87' lang='lat' dir='ltr'><strong>sum</strong></span> <span class='ocrx_word' id='word_1_82' title='bbox 156 1221 253 1293; x_wconf 88' lang='lat' dir='ltr'><strong>etiam,</strong></span> <span class='ocrx_word' id='word_1_83' title='bbox 270 1219 319 1297; x_wconf 91' lang='lat' dir='ltr'><strong>qui</strong></span> <span class='ocrx_word' id='word_1_84' title='bbox 330 1221 534 1300; x_wconf 84' lang='lat' dir='ltr'><strong>Xenophontis</strong></span> <span class='ocrx_word' id='word_1_85' title='bbox 546 1221 667 1280; x_wconf 87' lang='lat' dir='ltr'><strong>similem</strong></span> <span class='ocrx_word' id='word_1_86' title='bbox 681 1241 742 1280; x_wconf 86' lang='lat' dir='ltr'><strong>esse</strong></span> <span class='ocrx_word' id='word_1_87' title='bbox 753 1242 783 1280; x_wconf 90' lang='lat' dir='ltr'><strong>se</strong></span> <span class='ocrx_word' id='word_1_88' title='bbox 792 1234 929 1301; x_wconf 83' lang='lat' dir='ltr'><strong>cuperet3</strong></span> 
     </span>
     <span class='ocr_line' id='line_1_13' title="bbox 74 1313 930 1393; baseline 0.002 -21"><span class='ocrx_word' id='word_1_89' title='bbox 74 1313 159 1393; x_wconf 88' lang='lat' dir='ltr'><strong>cujus</strong></span> <span class='ocrx_word' id='word_1_90' title='bbox 177 1333 272 1372; x_wconf 87' lang='lat' dir='ltr'><strong>sermo</strong></span> <span class='ocrx_word' id='word_1_91' title='bbox 285 1326 329 1372; x_wconf 90' lang='lat' dir='ltr'><strong>est</strong></span> <span class='ocrx_word' id='word_1_92' title='bbox 346 1313 395 1371; x_wconf 89' lang='lat' dir='ltr'><strong>ille</strong></span> <span class='ocrx_word' id='word_1_93' title='bbox 408 1315 525 1392; x_wconf 90' lang='lat' dir='ltr'><strong>quidem</strong></span> <span class='ocrx_word' id='word_1_94' title='bbox 546 1314 631 1373; x_wconf 92' lang='lat' dir='ltr'><strong>melle</strong></span> <span class='ocrx_word' id='word_1_95' title='bbox 643 1313 766 1387; x_wconf 88' lang='lat' dir='ltr'><strong>dulcior,</strong></span> <span class='ocrx_word' id='word_1_96' title='bbox 779 1316 828 1373; x_wconf 90' lang='lat' dir='ltr'><strong>sed</strong></span> <span class='ocrx_word' id='word_1_97' title='bbox 849 1335 865 1372; x_wconf 87' lang='lat' dir='ltr'><strong>a</strong></span> <span class='ocrx_word' id='word_1_98' title='bbox 884 1316 930 1374; x_wconf 86' lang='lat' dir='ltr'><strong>so·</strong></span> 
     </span>
     <span class='ocr_line' id='line_1_14' title="bbox 75 1405 931 1485; baseline 0.001 -20"><span class='ocrx_word' id='word_1_99' title='bbox 75 1406 156 1465; x_wconf 88' lang='lat' dir='ltr'><strong>rensi</strong></span> <span class='ocrx_word' id='word_1_100' title='bbox 169 1406 290 1485; x_wconf 90' lang='lat' dir='ltr'><strong>strepitu</strong></span> <span class='ocrx_word' id='word_1_101' title='bbox 304 1405 522 1465; x_wconf 89' lang='lat' dir='ltr'><strong>remotissimus.</strong></span> <span class='ocrx_word' id='word_1_102' title='bbox 537 1406 707 1465; x_wconf 78' lang='lat' dir='ltr'><strong>Referemus</strong></span> <span class='ocrx_word' id='word_1_103' title='bbox 721 1427 774 1465; x_wconf 92' lang='lat' dir='ltr'><strong>nos</strong></span> <span class='ocrx_word' id='word_1_104' title='bbox 788 1406 877 1484; x_wconf 86' lang='lat' dir='ltr'><strong>igitur</strong></span> <span class='ocrx_word' id='word_1_105' title='bbox 893 1408 931 1466; x_wconf 91' lang='lat' dir='ltr'><strong>ad</strong></span> 
     </span>
     <span class='ocr_line' id='line_1_15' title="bbox 75 1498 931 1577; baseline -0.002 -19"><span class='ocrx_word' id='word_1_106' title='bbox 75 1519 156 1573; x_wconf 87' lang='lat' dir='ltr'><strong>eum,</strong></span> <span class='ocrx_word' id='word_1_107' title='bbox 172 1519 258 1577; x_wconf 86' lang='lat' dir='ltr'><strong>quem</strong></span> <span class='ocrx_word' id='word_1_108' title='bbox 271 1500 415 1571; x_wconf 85' lang='lat' dir='ltr'><strong>volumus,</strong></span> <span class='ocrx_word' id='word_1_109' title='bbox 428 1498 624 1557; x_wconf 89' lang='lat' dir='ltr'><strong>inchoandum</strong></span> <span class='ocrx_word' id='word_1_110' title='bbox 638 1511 667 1557; x_wconf 91' lang='lat' dir='ltr'><strong>et</strong></span> <span class='ocrx_word' id='word_1_111' title='bbox 677 1500 779 1557; x_wconf 78' lang='lat' dir='ltr'><strong>eadem</strong></span> <span class='ocrx_word' id='word_1_112' title='bbox 790 1498 931 1576; x_wconf 86' lang='lat' dir='ltr'><strong>eloquen-</strong></span> 
     </span>
     <span class='ocr_line' id='line_1_16' title="bbox 76 1590 1001 1669; baseline -0.006 -19"><span class='ocrx_word' id='word_1_113' title='bbox 76 1591 119 1650; x_wconf 73' lang='lat' dir='ltr'><strong>tia</strong></span> <span class='ocrx_word' id='word_1_114' title='bbox 132 1591 362 1662; x_wconf 88' lang='lat' dir='ltr'><strong>informandum,</strong></span> <span class='ocrx_word' id='word_1_115' title='bbox 379 1611 466 1669; x_wconf 88' lang='lat' dir='ltr'><strong>quam</strong></span> <span class='ocrx_word' id='word_1_116' title='bbox 480 1590 510 1650; x_wconf 91' lang='lat' dir='ltr'><strong>in</strong></span> <span class='ocrx_word' id='word_1_117' title='bbox 528 1592 609 1650; x_wconf 91' lang='lat' dir='ltr'><strong>nullo</strong></span> <span class='ocrx_word' id='word_1_118' title='bbox 622 1591 759 1668; x_wconf 77' lang='lat' dir='ltr'><strong>cognovit</strong></span> <span class='ocrx_word' id='word_1_119' title='bbox 775 1590 928 1655; x_wconf 84' lang='lat' dir='ltr'><strong>Antonius.</strong></span> <span class='ocrx_word' id='word_1_120' title='bbox 999 1640 1001 1644; x_wconf 13' lang='grc' dir='ltr'><em>Α</em></span> 
     </span>
    </p>
   </div>
   <div class='ocr_carea' id='block_1_3' title="bbox 100 1788 914 1940">
    <p class='ocr_par' dir='ltr' id='par_1_3' title="bbox 100 1788 914 1940">
     <span class='ocr_line' id='line_1_17' title="bbox 100 1788 914 1863; baseline 0.001 -20"><span class='ocrx_word' id='word_1_121' title='bbox 100 1789 222 1861; x_wconf 86' lang='lat' dir='ltr'><strong>Quelque</strong></span> <span class='ocrx_word' id='word_1_122' title='bbox 240 1788 350 1843; x_wconf 82' lang='lat' dir='ltr'><strong>difficile</strong></span> <span class='ocrx_word' id='word_1_123' title='bbox 363 1808 416 1860; x_wconf 91' lang='lat' dir='ltr'><strong>que</strong></span> <span class='ocrx_word' id='word_1_124' title='bbox 428 1789 478 1842; x_wconf 83' lang='lat' dir='ltr'><strong>soit</strong></span> <span class='ocrx_word' id='word_1_125' title='bbox 491 1791 516 1843; x_wconf 85' lang='lat' dir='ltr'><strong>la</strong></span> <span class='ocrx_word' id='word_1_126' title='bbox 527 1789 658 1861; x_wconf 84' lang='lat' dir='ltr'><strong>question,</strong></span> <span class='ocrx_word' id='word_1_127' title='bbox 671 1790 783 1844; x_wconf 70' lang='lat' dir='ltr'><strong>Cicdron</strong></span> <span class='ocrx_word' id='word_1_128' title='bbox 796 1809 914 1863; x_wconf 83' lang='lat' dir='ltr'><strong>essayera</strong></span> 
     </span>
     <span class='ocr_line' id='line_1_18' title="bbox 205 1867 809 1940; baseline 0 -20"><span class='ocrx_word' id='word_1_129' title='bbox 205 1867 239 1921; x_wconf 88' lang='lat' dir='ltr'><strong>de</strong></span> <span class='ocrx_word' id='word_1_130' title='bbox 252 1868 277 1922; x_wconf 89' lang='lat' dir='ltr'><strong>la</strong></span> <span class='ocrx_word' id='word_1_131' title='bbox 288 1867 415 1922; x_wconf 74' lang='lat' dir='ltr'><strong>resoudre</strong></span> <span class='ocrx_word' id='word_1_132' title='bbox 427 1887 476 1939; x_wconf 89' lang='lat' dir='ltr'><strong>par</strong></span> <span class='ocrx_word' id='word_1_133' title='bbox 486 1869 610 1922; x_wconf 82' lang='lat' dir='ltr'><strong>affection</strong></span> <span class='ocrx_word' id='word_1_134' title='bbox 622 1887 692 1940; x_wconf 87' lang='lat' dir='ltr'><strong>pour</strong></span> <span class='ocrx_word' id='word_1_135' title='bbox 704 1870 809 1921; x_wconf 82' lang='lat' dir='ltr'><strong>Brutus.</strong></span> 
     </span>
    </p>
   </div>
   <div class='ocr_carea' id='block_1_4' title="bbox 79 2026 932 2849">
    <p class='ocr_par' dir='ltr' id='par_1_4' title="bbox 79 2026 932 2849">
     <span class='ocr_line' id='line_1_19' title="bbox 119 2026 932 2108; baseline -0.002 -20"><span class='ocrx_word' id='word_1_136' title='bbox 119 2033 169 2088; x_wconf 84' lang='lat' dir='ltr'><strong>vl.</strong></span> <span class='ocrx_word' id='word_1_137' title='bbox 188 2033 325 2106; x_wconf 87' lang='lat' dir='ltr'><strong>Magnum</strong></span> <span class='ocrx_word' id='word_1_138' title='bbox 344 2050 417 2108; x_wconf 90' lang='lat' dir='ltr'><strong>opus</strong></span> <span class='ocrx_word' id='word_1_139' title='bbox 433 2029 550 2089; x_wconf 90' lang='lat' dir='ltr'><strong>omniuo</strong></span> <span class='ocrx_word' id='word_1_140' title='bbox 568 2026 597 2088; x_wconf 86' lang='lat' dir='ltr'><strong>et</strong></span> <span class='ocrx_word' id='word_1_141' title='bbox 611 2030 753 2102; x_wconf 89' lang='lat' dir='ltr'><strong>arduum,</strong></span> <span class='ocrx_word' id='word_1_142' title='bbox 767 2032 869 2101; x_wconf 88' lang='lat' dir='ltr'><strong>Brute,</strong></span> <span class='ocrx_word' id='word_1_143' title='bbox 884 2047 932 2086; x_wconf 88' lang='lat' dir='ltr'><strong>co·</strong></span> 
     </span>
     <span class='ocr_line' id='line_1_20' title="bbox 79 2121 932 2201; baseline -0.004 -21"><span class='ocrx_word' id='word_1_144' title='bbox 79 2141 200 2195; x_wconf 83' lang='lat' dir='ltr'><strong>namur3</strong></span> <span class='ocrx_word' id='word_1_145' title='bbox 219 2122 267 2181; x_wconf 86' lang='lat' dir='ltr'><strong>sed</strong></span> <span class='ocrx_word' id='word_1_146' title='bbox 287 2121 357 2180; x_wconf 92' lang='lat' dir='ltr'><strong>nihil</strong></span> <span class='ocrx_word' id='word_1_147' title='bbox 377 2122 494 2181; x_wconf 86' lang='lat' dir='ltr'><strong>difficile</strong></span> <span class='ocrx_word' id='word_1_148' title='bbox 516 2123 623 2181; x_wconf 88' lang='lat' dir='ltr'><strong>amanti</strong></span> <span class='ocrx_word' id='word_1_149' title='bbox 643 2135 725 2201; x_wconf 91' lang='lat' dir='ltr'><strong>puto.</strong></span> <span class='ocrx_word' id='word_1_150' title='bbox 742 2127 817 2180; x_wconf 85' lang='lat' dir='ltr'><strong>Amo</strong></span> <span class='ocrx_word' id='word_1_151' title='bbox 834 2132 932 2179; x_wconf 88' lang='lat' dir='ltr'><strong>autem</strong></span> 
     </span>
     <span class='ocr_line' id='line_1_21' title="bbox 80 2214 931 2294; baseline -0.006 -20"><span class='ocrx_word' id='word_1_152' title='bbox 80 2227 108 2274; x_wconf 88' lang='lat' dir='ltr'><strong>et</strong></span> <span class='ocrx_word' id='word_1_153' title='bbox 121 2234 236 2294; x_wconf 88' lang='lat' dir='ltr'><strong>semper</strong></span> <span class='ocrx_word' id='word_1_154' title='bbox 251 2215 344 2272; x_wconf 89' lang='lat' dir='ltr'><strong>amavi</strong></span> <span class='ocrx_word' id='word_1_155' title='bbox 363 2215 530 2292; x_wconf 85' lang='lat' dir='ltr'><strong>ingenium,</strong></span> <span class='ocrx_word' id='word_1_156' title='bbox 550 2214 656 2284; x_wconf 89' lang='lat' dir='ltr'><strong>studia,</strong></span> <span class='ocrx_word' id='word_1_157' title='bbox 676 2234 770 2273; x_wconf 91' lang='lat' dir='ltr'><strong>mores</strong></span> <span class='ocrx_word' id='word_1_158' title='bbox 785 2227 860 2273; x_wconf 92' lang='lat' dir='ltr'><strong>tuos.</strong></span> <span class='ocrx_word' id='word_1_159' title='bbox 881 2216 931 2269; x_wconf 91' lang='lat' dir='ltr'><strong>ln-</strong></span> 
     </span>
     <span class='ocr_line' id='line_1_22' title="bbox 80 2304 929 2386; baseline -0.006 -20"><span class='ocrx_word' id='word_1_160' title='bbox 80 2309 190 2367; x_wconf 90' lang='lat' dir='ltr'><strong>cendor</strong></span> <span class='ocrx_word' id='word_1_161' title='bbox 203 2305 292 2386; x_wconf 76' lang='lat' dir='ltr'><strong>porri&gt;</strong></span> <span class='ocrx_word' id='word_1_162' title='bbox 311 2308 439 2386; x_wconf 89' lang='lat' dir='ltr'><strong>quotidie</strong></span> <span class='ocrx_word' id='word_1_163' title='bbox 459 2305 564 2385; x_wconf 82' lang='lat' dir='ltr'><strong>magis,</strong></span> <span class='ocrx_word' id='word_1_164' title='bbox 584 2327 643 2366; x_wconf 91' lang='lat' dir='ltr'><strong>non</strong></span> <span class='ocrx_word' id='word_1_165' title='bbox 659 2305 802 2366; x_wconf 86' lang='lat' dir='ltr'><strong>desiderio</strong></span> <span class='ocrx_word' id='word_1_166' title='bbox 823 2304 929 2376; x_wconf 80' lang='lat' dir='ltr'><strong>solum,</strong></span> 
     </span>
     <span class='ocr_line' id='line_1_23' title="bbox 79 2399 930 2479; baseline -0.006 -20"><span class='ocrx_word' id='word_1_167' title='bbox 79 2420 139 2479; x_wconf 93' lang='lat' dir='ltr'><strong>quo</strong></span> <span class='ocrx_word' id='word_1_168' title='bbox 152 2399 269 2477; x_wconf 90' lang='lat' dir='ltr'><strong>quidem</strong></span> <span class='ocrx_word' id='word_1_169' title='bbox 284 2400 431 2475; x_wconf 88' lang='lat' dir='ltr'><strong>conficior,</strong></span> <span class='ocrx_word' id='word_1_170' title='bbox 448 2420 620 2478; x_wconf 86' lang='lat' dir='ltr'><strong>congressus</strong></span> <span class='ocrx_word' id='word_1_171' title='bbox 632 2413 756 2473; x_wconf 90' lang='lat' dir='ltr'><strong>nostros,</strong></span> <span class='ocrx_word' id='word_1_172' title='bbox 773 2409 930 2457; x_wconf 89' lang='lat' dir='ltr'><strong>consuetu-</strong></span> 
     </span>
     <span class='ocr_line' id='line_1_24' title="bbox 79 2491 930 2571; baseline -0.004 -21"><span class='ocrx_word' id='word_1_173' title='bbox 79 2493 176 2551; x_wconf 87' lang='lat' dir='ltr'><strong>dinem</strong></span> <span class='ocrx_word' id='word_1_174' title='bbox 195 2491 296 2571; x_wconf 77' lang='lat' dir='ltr'><strong>victus,</strong></span> <span class='ocrx_word' id='word_1_175' title='bbox 318 2491 498 2552; x_wconf 88' lang='lat' dir='ltr'><strong>doctissimos</strong></span> <span class='ocrx_word' id='word_1_176' title='bbox 515 2512 662 2552; x_wconf 88' lang='lat' dir='ltr'><strong>sermones</strong></span> <span class='ocrx_word' id='word_1_177' title='bbox 684 2491 835 2570; x_wconf 89' lang='lat' dir='ltr'><strong>requirens</strong></span> <span class='ocrx_word' id='word_1_178' title='bbox 853 2503 930 2562; x_wconf 92' lang='lat' dir='ltr'><strong>tuos,</strong></span> 
     </span>
     <span class='ocr_line' id='line_1_25' title="bbox 79 2583 930 2654; baseline -0.004 -10"><span class='ocrx_word' id='word_1_179' title='bbox 79 2585 237 2647; x_wconf 88' lang='lat' dir='ltr'><strong>sedetiam</strong></span> <span class='ocrx_word' id='word_1_180' title='bbox 260 2585 423 2644; x_wconf 84' lang='lat' dir='ltr'><strong>incredibili</strong></span> <span class='ocrx_word' id='word_1_181' title='bbox 444 2586 520 2644; x_wconf 74' lang='lat' dir='ltr'><strong>sama</strong></span> <span class='ocrx_word' id='word_1_182' title='bbox 542 2587 681 2644; x_wconf 85' lang='lat' dir='ltr'><strong>virtutum</strong></span> <span class='ocrx_word' id='word_1_183' title='bbox 704 2583 930 2654; x_wconf 85' lang='lat' dir='ltr'><strong>admirabilium,</strong></span> 
     </span>
     <span class='ocr_line' id='line_1_26' title="bbox 79 2674 931 2758; baseline -0.005 -22"><span class='ocrx_word' id='word_1_184' title='bbox 79 2697 142 2755; x_wconf 85' lang='lat' dir='ltr'><strong>quae</strong></span> <span class='ocrx_word' id='word_1_185' title='bbox 166 2676 261 2755; x_wconf 88' lang='lat' dir='ltr'><strong>specie</strong></span> <span class='ocrx_word' id='word_1_186' title='bbox 284 2677 413 2756; x_wconf 88' lang='lat' dir='ltr'><strong>dispares</strong></span> <span class='ocrx_word' id='word_1_187' title='bbox 435 2678 590 2757; x_wconf 79' lang='lat' dir='ltr'><strong>prudentia</strong></span> <span class='ocrx_word' id='word_1_188' title='bbox 608 2677 832 2758; x_wconf 84' lang='lat' dir='ltr'><strong>conjunguntur.</strong></span> <span class='ocrx_word' id='word_1_189' title='bbox 855 2674 931 2750; x_wconf 91' lang='lat' dir='ltr'><strong>Quid</strong></span> 
     </span>
     <span class='ocr_line' id='line_1_27' title="bbox 80 2757 930 2849; baseline -0.004 -22"><span class='ocrx_word' id='word_1_190' title='bbox 80 2769 156 2829; x_wconf 86' lang='lat' dir='ltr'><strong>enim</strong></span> <span class='ocrx_word' id='word_1_191' title='bbox 177 2782 236 2827; x_wconf 88' lang='lat' dir='ltr'><strong>tam</strong></span> <span class='ocrx_word' id='word_1_192' title='bbox 256 2757 381 2842; x_wconf 84' lang='lat' dir='ltr'><strong>distans,</strong></span> <span class='ocrx_word' id='word_1_193' title='bbox 398 2773 486 2849; x_wconf 77' lang='lat' dir='ltr'><strong>quam</strong></span> <span class='ocrx_word' id='word_1_194' title='bbox 504 2792 521 2829; x_wconf 88' lang='lat' dir='ltr'><strong>a</strong></span> <span class='ocrx_word' id='word_1_195' title='bbox 540 2770 690 2829; x_wconf 83' lang='lat' dir='ltr'><strong>severitate</strong></span> <span class='ocrx_word' id='word_1_196' title='bbox 712 2768 846 2828; x_wconf 80' lang='lat' dir='ltr'><strong>comitas?</strong></span> <span class='ocrx_word' id='word_1_197' title='bbox 860 2767 930 2842; x_wconf 86' lang='lat' dir='ltr'><strong>Quis</strong></span> 
     </span>
    </p>
   </div>
   <div class='ocr_carea' id='block_1_5' title="bbox 78 2928 953 3241">
    <p class='ocr_par' dir='ltr' id='par_1_5' title="bbox 78 2928 953 3241">
     <span class='ocr_line' id='line_1_28' title="bbox 112 2928 931 2983; baseline 0 -11"><span class='ocrx_word' id='word_1_198' title='bbox 112 2935 133 2972; x_wconf 83' lang='lat' dir='ltr'><strong>l.</strong></span> <span class='ocrx_word' id='word_1_199' title='bbox 157 2931 255 2976; x_wconf 83' lang='lat' dir='ltr'><strong>Versare</strong></span> <span class='ocrx_word' id='word_1_200' title='bbox 274 2944 368 2983; x_wconf 81' lang='lat' dir='ltr'><strong>causus,</strong></span> <span class='ocrx_word' id='word_1_201' title='bbox 394 2929 480 2975; x_wconf 81' lang='lat' dir='ltr'><strong>monier</strong></span> <span class='ocrx_word' id='word_1_202' title='bbox 565 2938 588 2977; x_wconf 83' lang='lat'><strong>2.</strong></span> <span class='ocrx_word' id='word_1_203' title='bbox 602 2933 733 2977; x_wconf 84' lang='lat' dir='ltr'><strong>Germanos.</strong></span> <span class='ocrx_word' id='word_1_204' title='bbox 754 2928 830 2975; x_wconf 70' lang='lat' dir='ltr'><strong>«Scio</strong></span> <span class='ocrx_word' id='word_1_205' title='bbox 841 2944 877 2973; x_wconf 87' lang='lat' dir='ltr'><strong>me</strong></span> <span class='ocrx_word' id='word_1_206' title='bbox 887 2929 931 2972; x_wconf 88' lang='lat' dir='ltr'><strong>asi·</strong></span> 
     </span>
     <span class='ocr_line' id='line_1_29' title="bbox 80 2989 931 3054; baseline 0.001 -21"><span class='ocrx_word' id='word_1_207' title='bbox 80 2989 218 3036; x_wconf 82' lang='lat' dir='ltr'><strong>lesalfaires.</strong></span> <span class='ocrx_word' id='word_1_208' title='bbox 237 3008 250 3032; x_wconf 71' lang='grc' dir='ltr'><strong>(κ</strong></span> <span class='ocrx_word' id='word_1_209' title='bbox 264 2991 419 3038; x_wconf 86' lang='lat' dir='ltr'><strong>Nummulario</strong></span> <span class='ocrx_word' id='word_1_210' title='bbox 432 3008 479 3037; x_wconf 88' lang='lat' dir='ltr'><strong>non</strong></span> <span class='ocrx_word' id='word_1_211' title='bbox 534 3010 545 3034; x_wconf 73' lang='grc' dir='ltr'>ι</span> <span class='ocrx_word' id='word_1_212' title='bbox 560 3008 616 3037; x_wconf 90' lang='lat' dir='ltr'><strong>num</strong></span> <span class='ocrx_word' id='word_1_213' title='bbox 626 3008 757 3054; x_wconf 83' lang='lat' dir='ltr'><strong>germanum</strong></span> <span class='ocrx_word' id='word_1_214' title='bbox 771 2991 845 3037; x_wconf 81' lang='lat' dir='ltr'><strong>luisse.</strong></span> <span class='ocrx_word' id='word_1_215' title='bbox 858 3008 871 3032; x_wconf 85' lang='lat'>»</span> <span class='ocrx_word' id='word_1_216' title='bbox 887 2989 931 3049; x_wconf 81' lang='lat' dir='ltr'><strong>(ei-</strong></span> 
     </span>
     <span class='ocr_line' id='line_1_30' title="bbox 81 3052 934 3114; baseline -0.006 -16"><span class='ocrx_word' id='word_1_217' title='bbox 81 3069 94 3093; x_wconf 78' lang='lat' dir='ltr'><strong>u</strong></span> <span class='ocrx_word' id='word_1_218' title='bbox 108 3067 136 3098; x_wconf 83' lang='lat' dir='ltr'><strong>ex</strong></span> <span class='ocrx_word' id='word_1_219' title='bbox 149 3052 195 3098; x_wconf 85' lang='lat' dir='ltr'><strong>fido</strong></span> <span class='ocrx_word' id='word_1_220' title='bbox 204 3052 303 3099; x_wconf 86' lang='lat' dir='ltr'><strong>versanti</strong></span> <span class='ocrx_word' id='word_1_221' title='bbox 314 3053 421 3114; x_wconf 88' lang='lat' dir='ltr'><strong>pecunias</strong></span> <span class='ocrx_word' id='word_1_222' title='bbox 434 3071 480 3098; x_wconf 90' lang='lat' dir='ltr'><strong>ma·</strong></span> <span class='ocrx_word' id='word_1_223' title='bbox 532 3054 610 3108; x_wconf 72' lang='lat' dir='ltr'><strong>cinon,</strong></span> <span class='ocrx_word' id='word_1_224' title='bbox 618 3055 729 3100; x_wconf 79' lang='lat' dir='ltr'><strong>Lettresd</strong></span> <span class='ocrx_word' id='word_1_225' title='bbox 738 3052 934 3106; x_wconf 52' lang='lat' dir='ltr'><strong>Atticusdvqrh</strong></span> 
     </span>
     <span class='ocr_line' id='line_1_31' title="bbox 81 3110 953 3178; baseline -0.009 -23"><span class='ocrx_word' id='word_1_226' title='bbox 81 3130 94 3155; x_wconf 78' lang='grc' dir='ltr'>α</span> <span class='ocrx_word' id='word_1_227' title='bbox 108 3130 151 3159; x_wconf 85' lang='lat' dir='ltr'><strong>nus</strong></span> <span class='ocrx_word' id='word_1_228' title='bbox 170 3114 303 3175; x_wconf 77' lang='lat' dir='ltr'><strong>ampuuvit.</strong></span> <span class='ocrx_word' id='word_1_229' title='bbox 323 3133 337 3158; x_wconf 86' lang='lat'>»</span> <span class='ocrx_word' id='word_1_230' title='bbox 359 3114 481 3178; x_wconf 74' lang='lat' dir='ltr'><strong>(Suetone,</strong></span> <span class='ocrx_word' id='word_1_231' title='bbox 535 3110 953 3176; x_wconf 51' lang='lat' dir='ltr'><strong>-slllireterespermaximum-</strong></span> 
     </span>
     <span class='ocr_line' id='line_1_32' title="bbox 78 3164 947 3241; baseline 0.002 -22"><span class='ocrx_word' id='word_1_232' title='bbox 78 3175 158 3232; x_wconf 78' lang='lat' dir='ltr'><strong>Galba,</strong></span> <span class='ocrx_word' id='word_1_233' title='bbox 169 3177 219 3238; x_wconf 73' lang='lat' dir='ltr'><strong>run)</strong></span> <span class='ocrx_word' id='word_1_234' title='bbox 543 3199 557 3225; x_wconf 73' lang='lat' dir='ltr'><strong>a</strong></span> <span class='ocrx_word' id='word_1_235' title='bbox 570 3178 631 3231; x_wconf 80' lang='lat' dir='ltr'><strong>tiul,</strong></span> <span class='ocrx_word' id='word_1_236' title='bbox 641 3199 657 3226; x_wconf 77' lang='lat' dir='ltr'><strong>u</strong></span> <span class='ocrx_word' id='word_1_237' title='bbox 674 3178 774 3241; x_wconf 52' lang='lat' dir='ltr'><strong>icontie</strong></span> <span class='ocrx_word' id='word_1_238' title='bbox 786 3164 947 3221; x_wconf 45' lang='lat' dir='ltr'><strong>uotiuis&amp;</strong></span> 
     </span>
    </p>
   </div>
   <div class='ocr_carea' id='block_1_6' title="bbox 0 0 1046 3524">
    <p class='ocr_par' dir='ltr' id='par_1_6' title="bbox 0 0 1046 3524">
     <span class='ocr_line' id='line_1_33' title="bbox 0 0 1046 3524; baseline 0 0"><span class='ocrx_word' id='word_1_239' title='bbox 0 0 1046 3524; x_wconf 95' lang='lat' dir='ltr'><strong> </strong></span> 
     </span>
    </p>
   </div>
  </div>
 </body>
</html>
