2070 3524
127 213 172 255 tat
485 212 617 258 ORATOR.

127 324 209 382 Cadit
224 338 320 382 autem
341 343 395 403 per
408 343 439 382 se
452 323 513 402 ipse
527 322 576 381 ille
587 324 739 402 praeclare,
754 343 815 401 quo
829 323 921 383 etiam
935 346 979 383 sa-

129 418 211 477 tietas
233 416 414 476 formidanda
427 429 471 475 est
495 419 597 494 magis.
622 420 668 475 Me
687 429 794 487 stante,
815 419 849 476 C.
874 418 979 488 Carbo,

124 509 183 569 Caii
193 508 568 588 filius,tribuuusplebis‚in
576 507 798 568 concionedixit
811 508 857 568 bis
864 510 977 568 verbis:

128 627 141 652 «
154 605 178 657 0
193 605 290 660 Marce
300 607 403 674 Druse,
411 612 524 680 patrem
536 603 663 681 appello.
679 629 693 655 ι)
708 606 779 661 Haec
787 601 912 681 quidem
922 605 979 661 duo

126 692 204 752 binis
216 693 339 780 pedibus
350 693 473 752 incisim.
489 693 563 752 Dein
574 693 758 752 membratim
773 716 780 752 ι
797 718 811 747 α
825 699 870 752 Tu
884 695 979 754 dicere

124 781 251 858 solebas,
263 808 374 846 sacram
386 808 448 846 esse
461 787 685 866 rempublicam:
703 814 716 840 r
729 789 792 847 baec
804 787 879 847 item
892 810 979 849 mem-

126 878 180 938 bra
192 880 292 941 ternis.
306 885 375 939 Post
391 880 531 939 ambitus:
546 881 751 959 «Quicumque
763 879 829 939 earn
844 883 979 942 violavis-

22 1012 28 1019 ·
128 985 202 1054 sent,
215 975 251 1032 ab
265 973 398 1033 omuibus
412 994 475 1033 esse
489 973 516 1032 ei
532 995 633 1052 poenas
649 973 814 1053 persolutas
826 996 833 1032 ι
847 1002 860 1026 ι
875 976 977 1035 diebo-

128 1086 206 1125 reus.
221 1066 300 1124 Nibil
315 1067 393 1125 enim
407 1069 444 1125 ad
458 1087 533 1139 rem,
551 1081 681 1126 extrema
698 1067 748 1125 illa
764 1068 853 1146 longa
873 1069 924 1142 sit,
944 1092 979 1128 an

128 1157 236 1216 brevis.
246 1158 358 1217 Deinde
369 1182 375 1216 :
387 1186 400 1213 α
414 1159 507 1218 Patris
519 1160 629 1220 dictum
641 1161 756 1240 sapiens
768 1162 918 1221 temeritas
930 1165 980 1222 lilii

128 1250 336 1329 comprobarit.
348 1276 362 1305 a
380 1255 444 1310 Hoc
456 1251 594 1312 dichoreo
604 1267 702 1313 tantus
713 1253 824 1312 clamor
832 1255 980 1314 concionis

128 1344 271 1403 excitatus
292 1359 347 1418 est,
363 1358 395 1404 ut
410 1344 580 1405 admirabile
598 1359 684 1406 essct.
707 1350 825 1419 Quaero,
845 1368 943 1406 nonne
956 1349 980 1406 is

127 1457 265 1495 numerus
281 1436 426 1497 effecerit?
446 1438 609 1496 Verborum
627 1439 759 1499 ordinem
780 1440 920 1499 immuta:
936 1443 979 1499 fac

127 1530 187 1588 sic:
214 1557 227 1583 α
253 1529 459 1609 Comprobavit
478 1530 528 1589 filii
541 1531 724 1605 temeritas»
740 1532 802 1612 jam
821 1533 895 1591 nibil
912 1535 979 1606 erit,

128 1623 182 1682 etsi
207 1624 382 1683 «temeritas
401 1651 415 1678 a
433 1645 470 1683 ex
494 1623 587 1683 tribus
613 1625 749 1685 brevibus
766 1639 796 1684 et
816 1627 905 1706 longa
920 1641 963 1687 est
969 1652 978 1701 3

128 1736 215 1792 quem
231 1716 401 1776 Aristoteles
431 1729 465 1775 ut
485 1716 627 1795 optimum
651 1719 769 1799 probat,
793 1738 894 1797 aquo
919 1720 979 1778 dis-

129 1808 233 1869 sentio.
253 1815 291 1868 At
318 1810 420 1868 eadem
437 1810 547 1884 verba,
565 1813 667 1869 eadem
692 1811 847 1872 sententia.
870 1814 979 1872 Animo

127 1902 202 1961 istuc
227 1900 296 1962 satis
327 1917 389 1976 est,
413 1902 531 1961 auribus
563 1925 623 1962 nou
649 1902 728 1964 satia.
761 1907 818 1964 Sed
848 1906 879 1964 id
912 1927 977 1965 cre·

127 1995 208 2053 bribs
240 1995 304 2053 fieri
329 2016 386 2054 non
411 2008 539 2074 oportet.
567 1997 697 2057 Primum
733 1998 809 2057 e‘nim
838 2018 979 2058 numerus

127 2087 305 2164 agnoscitur,
328 2086 432 2146 deinde
456 2087 552 2162 satiat,
578 2103 679 2169 postea
706 2089 820 2168 cognita
840 2090 979 2148 facilitate

127 2180 331 2240 contemnitur.

133 2319 143 2335 .
168 2277 224 2334 Sed
244 2289 310 2334 sunt
330 2276 466 2334 claus‘ulae
489 2278 599 2357 plures,
620 2298 683 2355 quae
704 2280 859 2337 numerose
880 2292 911 2339 et
930 2279 979 2353 ju-

127 2370 220 2426 cunde
235 2370 351 2428 cadant.
372 2372 445 2426 Nam
468 2381 497 2428 et
520 2367 654 2442 creticus,
677 2368 727 2446 qui
744 2383 788 2429 est
805 2390 822 2429 e
841 2370 930 2450 longa
951 2385 980 2429 et

127 2460 210 2519 brevi
222 2474 251 2520 et
262 2460 359 2538 longa,
372 2473 401 2519 et
417 2461 479 2534 ejus
496 2462 615 2540 aequalis
630 2483 726 2542 paeon,
745 2463 796 2540 qui
809 2462 907 2542 spatio
926 2484 981 2543 par

128 2566 182 2625 est,
206 2553 316 2630 syllaba
338 2550 463 2629 longior,
488 2557 575 2630 quam
601 2553 833 2613 commodissime
857 2568 982 2634 putatur

127 2646 157 2703 in
172 2647 296 2705 solutam
309 2644 471 2704 orationem
484 2644 603 2722 illigari,
615 2667 705 2723 quum
716 2647 753 2706 sit
764 2647 886 2726 duplex.
906 2652 981 2706 Nam

127 2752 177 2797 aut
192 2760 208 2797 e
225 2739 312 2816 longa
329 2752 372 2798 est
391 2750 419 2796 et
436 2737 530 2797 tribus
550 2739 699 2812 brevibus,
721 2740 772 2819 qui
787 2760 929 2800 numerus
950 2741 980 2800 in

129 2832 223 2910 primo
245 2833 336 2911 viget,
354 2831 433 2912 jacet
452 2830 482 2889 in
502 2846 652 2905 extremo,
672 2845 722 2891 aut
741 2833 895 2892 etotidem
910 2835 978 2893 bre-

130 2924 211 2984 vibus
229 2937 258 2983 et
280 2926 378 3003 longa,
399 2925 430 2984 in
453 2946 540 3004 quem
557 2925 667 3005 optime
679 2927 783 2985 cadere
795 2940 916 2987 censent
927 2948 978 2988 ve-

128 3032 221 3092 teres,
237 3035 290 3094 ego
307 3037 366 3076 non
380 3019 466 3097 plane
478 3016 591 3092 rejicio,
609 3019 660 3077 sed
673 3017 746 3076 alios
760 3030 921 3097 antepono.
938 3024 981 3083 Ne

125 3113 278 3192 spondaeus
303 3109 421 3190 quidem
449 3111 579 3172 funditus
601 3125 646 3172 est
672 3111 870 3189 repudiandus
887 3135 894 3171 :
912 3114 982 3188 etsi,

110 3207 196 3284 qudd
210 3220 255 3269 est
267 3229 285 3269 e
298 3207 398 3291 longis
409 3205 686 3283 duabus,bebetior
697 3202 817 3261 uidetur
827 3205 995 3262 ettatdmr.
