2070 3524
96 143 125 183 60
454 138 586 183 ORATOR.

96 254 279 313 Hortensius.
302 252 379 312 Nihil
407 254 483 313 enim
504 254 600 333 ample
625 257 721 323 Cotta,
745 252 819 311 nihil
843 251 942 313 leniter

96 347 254 426 Sulpicius,
277 367 338 406 non
361 347 452 406 multa
476 346 603 425 graviter
632 344 819 409 Hortensius.
854 352 941 427 Supe·
982 335 985 395 l

96 440 189 499 riores
211 437 303 517 magis
327 440 364 498 ad
389 460 476 499 omne
502 461 593 520 genus
617 440 698 520 apti,
719 443 858 499 Crassum
882 443 943 501 dieo
981 462 985 513 ,

95 545 124 591 et
146 532 462 614 Antonium.·Jejunas
485 532 574 612 igitur
600 533 687 608 hujus
712 532 899 612 multiplicis,
917 549 943 596 et
982 524 985 563 ²

94 624 273 703 aequabiliter
293 627 324 684 in
346 626 442 685 omnia
467 646 574 704 genera
596 627 665 685 lusae
689 625 833 685 orationis
864 648 942 687 aures
983 618 985 629 ¹

94 719 216 780 civitatis
246 720 444 801 accepimus¹‚
465 741 571 799 easque
597 740 650 778 nos
677 719 784 800 primi,
811 721 942 799 quicum·
981 708 984 713 ¹

94 833 152 890 que
176 833 301 888 eramus,
324 827 354 872 et
379 814 676 892 quantulumcumque
696 813 886 895 dicebamus,
910 815 943 873 ad

94 906 179 987 hujus
205 908 320 984 generis
345 906 460 966 dicendi
486 907 623 966 audiendi
645 906 830 967 incredibilia
852 907 942 969 studia

93 1012 301 1057 convertimus.

132 1091 253 1165 Quantis
272 1090 324 1148 illa
343 1092 517 1151 clamoribus
539 1092 746 1152 adolescentuli
765 1092 895 1153 diximus
910 1094 943 1153 de

93 1182 235 1263 supplicio
248 1182 471 1263 parricidamm!
487 1207 552 1264 quae
566 1205 749 1264 nequaquam
765 1183 836 1245 satis
851 1186 944 1247 defer·

93 1276 187 1335 buisse
200 1273 266 1355 post
280 1276 427 1355 aliquanto
441 1277 548 1337 sentire
566 1277 705 1358 coepimus
722 1302 729 1337 ε
747 1304 760 1330 κ
777 1279 856 1352 Quid
870 1279 942 1339 enim

94 1383 151 1429 tam
164 1390 315 1429 commune
329 1373 349 1444 ²,
369 1373 458 1449 quom
477 1369 595 1450 spiritus
610 1369 694 1444 vivis,
711 1382 790 1429 terra
808 1371 941 1446 mortuis,

93 1615 105 1636 o
118 1594 169 1654 rim,
179 1596 280 1658 grandis,
288 1606 319 1656 et,
327 1604 352 1641 ut
362 1596 394 1641 ita
404 1596 485 1655 dicam,
544 1595 708 1641 «mutandam.
736 1612 749 1637 a
768 1596 891 1654 Qu’aursit
911 1597 944 1643 dit

93 1658 217 1719 «tragicus
238 1668 316 1703 orator
332 1672 338 1701 ε
355 1674 401 1703 vox
417 1674 488 1718 quum
542 1657 646 1715 Cioeron,
666 1657 702 1703 s’il
724 1656 784 1702 avait
807 1674 840 1718 pu
862 1675 944 1731 pensor

93 1738 105 1761 o
117 1735 208 1781 magno,
221 1728 269 1764 tum
287 1718 369 1777 suavis,
382 1729 405 1764 et
415 1720 489 1779 splen-

92 1800 105 1822 «
117 1780 184 1837 didn3
196 1791 271 1843 gestus
286 1790 310 1826 et
319 1789 394 1826 motus
405 1797 488 1841 eorpo-

93 1843 149 1888 «ris
162 1843 193 1887 ita
210 1851 323 1901 venustus,
339 1852 449 1888 nttumen
460 1844 489 1888 ad

92 1925 103 1947 a
120 1905 294 1966 lorum,nonud
302 1920 390 1950 scenam
399 1905 489 1950 institn-

94 1985 106 2008 α
118 1967 273 2013 tusvideretur
280 1985 287 2025 3
294 1966 387 2011 incitata
393 1976 416 2012 et
426 1967 489 2012 volu·

92 2046 105 2069 «
117 2027 176 2086 bilis,
185 2043 227 2074 neo
233 2045 257 2074 ee
263 2029 392 2074 redundans
403 2038 487 2088 tomen,

92 2108 105 2131 ιι
116 2105 158 2135 neo
166 2090 324 2136 circumfluens
335 2090 417 2138 oratio.
426 2093 489 2137 Cras-

91 2171 104 2196 «
118 2168 167 2197 sum
177 2153 215 2199 hio
225 2154 315 2199 volebat
320 2153 488 2213 imiutri3Cotta

91 2215 211 2262 «malelmt
232 2215 357 2262 Antonium
374 2232 379 2259 τ
399 2217 438 2262 sed
460 2216 488 2260 ab

91 2296 104 2319 «ι
115 2278 160 2323 hoo
170 2278 204 2323 vis
214 2279 292 2325 oberat
300 2278 404 2338 Antonii,
415 2278 489 2325 Crassi

90 2358 104 2382 α
115 2339 144 2384 uh
153 2338 193 2383 illo
203 2339 278 2398 lepos.
295 2358 307 2380 ιι

121 2407 130 2446 l
138 2433 144 2445 .
158 2404 234 2446 Aures
242 2402 342 2446 civitatis
350 2402 487 2461 accepimus.

89 2465 148 2509 Ceut
157 2478 197 2507 uns
208 2463 260 2521 plus
269 2462 351 2519 tardo
362 2477 448 2522 propos
459 2463 488 2508 de

89 2524 178 2570 Cassius
199 2524 300 2581 severus,
317 2525 394 2569 Tacite
404 2523 488 2583 pretait

89 2586 102 2632 ὲ
114 2589 175 2648 Aper
183 2586 204 2631 le
215 2587 387 2657 mernelonguge
396 2599 402 2632 ε
410 2605 422 2626 o
434 2588 486 2631 Non

90 2666 104 2691 α
117 2648 248 2695 infirmitate
258 2647 355 2713 ingemi,
365 2662 407 2692 nec
417 2647 486 2694 insei-

85 2729 98 2753 «
117 2709 149 2754 til
164 2710 290 2756 litterarum
304 2709 444 2754 transtulisse
463 2725 487 2756 se

89 2790 102 2814 ι
115 2772 145 2816 nd
160 2771 217 2816 illud
234 2771 325 2818 dicendi
341 2787 412 2834 genus
433 2788 486 2816 oon-

86 2852 99 2876 ι
114 2833 196 2892 tendo,
216 2835 256 2879 sed
274 2833 362 2893 judicio
379 2842 402 2878 et
416 2834 484 2879 intel-

87 2914 99 2938 ιι
114 2894 182 2943 lectu.
211 2894 276 2939 Vidit
312 2911 428 2955 namque,
459 2907 485 2941 ut

90 2957 181 3017 «paulo
207 2957 259 3002 onte
289 2956 410 3016 dicebam,
433 2974 485 3004 oum

89 3018 246 3065 «conditione
260 3029 389 3080 temporum
410 3036 436 3066 ue
450 3020 484 3065 di-

89 3100 102 3125 «
113 3081 219 3129 versitate
226 3081 416 3129 nuriumlormnm
427 3099 485 3143 quo·

84 3162 101 3188 ι
109 3144 157 3191 ond
165 3160 193 3191 ro
204 3144 303 3200 speeiem
316 3146 427 3193 orationis
438 3162 486 3193 esse

542 1721 671 1779 qu‘unjour
681 1735 712 1764 on
722 1720 876 1779 apprecieruit
888 1722 943 1767 sinu

541 1797 576 1827 ses
586 1782 712 1828 auditeurs:
729 1800 743 1823 «
755 1782 831 1828 Facile
841 1783 943 1843 periere-

543 1862 556 1887 «
569 1843 609 1888 bat
619 1844 683 1902 prior
693 1843 735 1889 iste
744 1844 854 1904 populus,
863 1855 889 1891 ut
899 1845 943 1891 im-

543 1925 556 1947 «
569 1905 656 1966 peritus
670 1915 693 1952 et
704 1905 780 1965 rudis,
795 1906 944 1968 impeditissi-

543 1986 556 2010 «
567 1984 655 2012 marum
688 1978 819 2013 oruuonum
852 1986 863 2014 s
893 1969 941 2029 tin3

542 2048 556 2072 «
567 2039 637 2089 atque
646 2028 671 2073 id
680 2028 754 2089 ipsum
763 2030 827 2075 laudi
836 2033 865 2076 do
896 2041 941 2092 tur,

542 2110 555 2135 «
567 2090 586 2136 si
603 2091 701 2137 dicendo
716 2091 767 2152 quis
783 2093 847 2139 diem
861 2093 943 2140 exime·

542 2173 555 2197 α
567 2163 610 2199 ret.
633 2172 646 2195 n
682 2153 774 2213 Clioque
808 2155 942 2218 gendration

540 2215 641 2276 &prouve
656 2213 670 2258 lt
689 2231 732 2260 son
748 2225 803 2261 torn·
818 2232 846 2263 oe
860 2218 942 2264 deduin

541 2279 573 2323 du
583 2277 648 2337 passe
666 2286 688 2322 et
706 2287 742 2323 cet
754 2276 896 2326 enivrement
911 2282 941 2325 du

540 2338 639 2400 present.
654 2338 713 2383 Muis
728 2349 804 2385 tontes
816 2340 849 2387 les
862 2342 940 2389 evolu-

539 2401 600 2447 tions
611 2402 639 2447 de
656 2401 675 2445 ln
693 2401 775 2461 pensde
790 2403 897 2451 humisine
911 2420 941 2451 ne

540 2471 660 2523 marquent
670 2478 711 2523 pus
724 2479 755 2509 un
769 2465 874 2527 progres,
886 2466 941 2513 eth

539 2524 649 2586 posteriue
664 2527 741 2570 donne
751 2526 829 2571 raison
845 2527 858 2573 lt
876 2527 940 2575 eice

539 2603 581 2632 ron
592 2596 671 2633 contre
683 2586 770 2634 cassius
779 2589 882 2637 severus.

571 2656 593 2693 2.
608 2649 670 2708 Quid
681 2650 740 2694 enim
754 2661 803 2695 tam
813 2668 938 2699 cononum.

538 2713 631 2756 Toutoe
644 2727 737 2774 passage
749 2722 783 2757 est
792 2712 836 2758 tire
845 2716 876 2759 dn
886 2714 941 2776 plui·

538 2775 610 2833 doyer
616 2773 645 2818 de
654 2772 751 2819 Ciceron
761 2791 823 2835 pour
834 2777 939 2833 Roscius,

538 2851 583 2895 quo
598 2835 769 2897 Chrysogonus,
785 2836 898 2885 ullrunelri
910 2840 939 2885 de

538 2898 607 2956 Syllo,
635 2897 695 2942 avait
723 2897 839 2957 depouille
856 2902 887 2947 de
903 2916 938 2947 ses

537 2959 610 3018 biens,
619 2969 641 3004 et
651 2959 707 3018 qu'il
718 2961 815 3006 umusait
825 2964 856 3007 de
861 2978 938 3023 pum

537 3020 588 3066 eide
597 3036 658 3080 pour
668 3020 699 3065 lui
712 3021 795 3068 lormer
805 3022 828 3068 lu
837 3024 935 3073 bouchu.

537 3084 569 3129 Co
584 3082 686 3127 disoours
702 3094 736 3128 ost
748 3084 777 3130 de
789 3091 854 3141 o73;
871 3087 936 3135 ciet·

537 3160 584 3191 ron
592 3143 792 3205 urnituingt-sept
800 3163 853 3194 uns.
