2070 3524
417 207 550 270 oraroa.
873 210 899 250 τι

52 317 257 395 sincerumque
269 317 428 390 judicium,
443 319 515 377 nihil
535 333 567 378 ut
583 330 715 399 possent,
730 317 786 376 nisi
803 317 901 376 incor-

52 423 175 490 ruptum
192 410 292 469 audire
314 423 343 470 et
367 411 493 490 elegans.
514 415 622 471 Eorum
641 410 792 489 religioni¹
813 431 901 489 quum

54 502 178 563 serviret
203 515 312 576 orator,
337 505 449 563 nullum
474 505 595 564 verbum
621 504 765 575 insolens,
791 503 902 561 nullum

53 595 187 655 odiosum
205 615 314 675 ponere
332 597 465 657 audebat.
484 602 584 677 Itaque
601 597 663 672 hic,
681 617 766 674 quem
788 595 899 676 praesti-

54 688 121 748 risse
131 688 259 747 diximus
268 689 381 763 ceteris,
394 689 424 748 in
435 689 484 749 itta
493 711 548 770 pro
560 691 745 768 Ctesiphonte
756 689 902 749 oratione¹

20 782 23 787 ’
53 781 140 859 longe
156 781 278 860 optime,
294 782 462 840 summissus
480 803 498 841 a
517 781 627 861 primo,
644 783 765 855 deinde,
783 784 852 840 dum
866 783 902 840 de

43 874 165 954 'legibus
177 874 321 954 disputat,
336 894 468 952 pressus,
482 887 549 955 post
567 874 672 933 sensim
687 875 843 933 incendens
852 874 902 947 ju-

54 966 144 1037 dices,
160 979 193 1025 ut
205 965 276 1025 vidit
293 968 442 1040 ardentes,
456 967 486 1026 in
504 966 623 1045 reliquis
643 965 796 1025 exsultavit
810 969 901 1025 auda-

53 1060 126 1120 oiirs.
147 1065 189 1119 Ac
210 1073 305 1120 tamen
328 1060 358 1119 in
379 1061 438 1119 hoc
455 1061 532 1141 ipso,
554 1060 707 1139 diligenter
720 1059 901 1119 examinante

56 1153 210 1212 verborum
235 1152 363 1212 omnium
385 1155 527 1231 pondera,
549 1153 736 1232 reprehendit
754 1153 901 1212 AEschines

52 1247 185 1326 quaedam
196 1260 225 1305 et
237 1247 372 1323 exagitat,
384 1245 565 1325 illudensque
581 1246 653 1318 dira,
667 1245 778 1318 odiosa,
794 1247 898 1306 intole-

12 1336 16 1341 ’
52 1338 155 1398 rabilia
168 1359 229 1398 esse
248 1338 341 1399 dicitl.
361 1338 437 1413 Quin
451 1339 536 1398 etiam
556 1339 659 1417 quaerit
671 1339 706 1398 ab
724 1340 798 1418 ipso,
811 1359 900 1417 quum

52 1434 169 1512 quidem
182 1452 248 1490 eum
260 1432 387 1505 belluam
400 1433 540 1511 appellet,
560 1437 658 1491 utrbm
678 1433 728 1490 illa
746 1432 845 1505 rerba,
863 1454 900 1491 an

51 1538 185 1604 portenta
205 1525 284 1584 sint:
304 1539 336 1585 ut
355 1525 483 1584 AEschini
501 1546 537 1584 ne
557 1525 766 1584 Demosthenes
783 1526 900 1603 quidem

50 1619 185 1679 videatur
198 1618 292 1678 Attice
309 1619 416 1679 dicere.
433 1619 527 1678 Facile
542 1632 584 1678 est
600 1619 693 1691 enim,
710 1619 832 1678 verbum
844 1620 899 1678 ali·

50 1713 131 1790 quod
144 1713 261 1786 ardeus,
277 1724 310 1769 ut
321 1711 361 1770 ita
378 1714 472 1770 dicam
478 1711 499 1783 ⁴,
515 1725 628 1784 notare,
647 1712 734 1791 idque
758 1712 900 1773 restinctis

82 1918 104 1956 t.
119 1909 246 1971 Religioni,
262 1911 374 1971 serupnle,
395 1926 448 1957 aveo

50 1980 125 2019 tontes
136 1973 169 2019 les
182 1988 278 2018 nuancee
292 1974 320 2018 de
333 1972 406 2019 bldme
416 1988 447 2018 ou

50 2034 138 2098 d‘iloge
154 2053 160 2080 z
176 2053 189 2077 (ι
204 2037 284 2095 Itaque
297 2034 358 2082 Calvi
373 2035 447 2080 oratio

51 2114 64 2140 α
77 2095 148 2142 nimia
178 2096 289 2158 religione
323 2106 445 2151 attenuata,

50 2177 64 2201 ιι
77 2158 151 2205 doctis
166 2167 190 2203 et
205 2159 290 2205 attente
303 2158 447 2204 audientibus

50 2239 64 2264 n
77 2229 127 2266 erat
140 2219 252 2267 illustris:
269 2238 282 2266 a
300 2220 446 2266 multitudine

50 2300 63 2325 a
76 2291 160 2343 autem,
179 2290 232 2327 eta
255 2282 320 2340 foro,
338 2282 375 2328 eui
395 2292 445 2327 nata

49 2361 62 2386 ι
75 2342 204 2405 eloquentia
213 2353 255 2404 est,
267 2345 444 2391 devorabatur.»

50 2405 269 2469 (Brittannum.)

78 2475 102 2513 2.
119 2472 165 2514 Pro
175 2468 318 2530 Ctesiphonte
334 2469 444 2513 oratione.

47 2532 78 2577 Le
91 2529 195 2577 diseours
207 2547 266 2591 pour
279 2532 304 2575 la
318 2534 444 2576 Couronne.

47 2591 144 2638 Ciekron
157 2591 216 2637 nvait
235 2592 322 2638 traduit
332 2593 353 2637 la
366 2592 446 2637 haran-

47 2670 90 2717 gne
104 2652 225 2700 d'Esebine
245 2664 269 2701 et
284 2655 338 2700 celle
354 2654 383 2699 ‹le
399 2652 445 2699 De-

45 2716 173 2763 mosthene.
200 2718 232 2762 La
258 2716 346 2777 prelace
369 2716 397 2761 de
420 2732 445 2762 ce

45 2778 139 2825 eurienx
160 2776 240 2823 travail
259 2794 317 2824 nous
334 2787 368 2824 est
385 2778 445 2824 seule

45 2855 168 2901 pureuue.

76 2909 99 2948 ³.
109 2901 274 2949 Intolerabilio
280 2917 328 2946 esse
334 2901 399 2946 dicit.
409 2902 444 2950 Οὐ

46 2964 164 3024 μέμνησθ’
176 2964 252 3012 αὐτοῦ
267 2965 299 3013 τά
307 2964 388 3024 ’μιαρὰ
404 2966 445 3013 καὶ

44 3025 149 3075 ἀπίθανα
170 3026 276 3091 ῥήματα,
292 3024 309 3074 ἃ
324 3031 373 3081 πῶς
390 3027 444 3074 ποθ’

45 3088 121 3150 ὑμεῖς,
132 3088 279 3148 ῶσιδήρεοι,
291 3090 444 3151 ἐκαρτερεῖτε

43 3149 208 3214 ammarum
217 3151 302 3215 ὅτ’ἕφη
308 3152 447 3218 παρελθὼν,

36 3210 447 3277 ἄμπνλονργοῦσίτινεςτὴν

499 1909 598 1967 πόλιν,
615 1909 844 1972 ἀνατετμήκασί
859 1929 899 1960 τι-

499 1989 547 2030 νες
566 1973 602 2022 τὰ
621 1974 760 2032 κλήματα
781 1974 814 2021 τὰ
845 1973 899 2022 τοῦ

500 2035 603 2107 δήμου,
628 2037 836 2097 ὑποτέτμηται
865 2037 899 2085 τὰ

499 2113 589 2159 νευρα
611 2102 667 2146 τῶν
698 2097 894 2162 πραγμάτων,

498 2159 898 2222 φορμορραφούμεθαὲπὶτὰ

499 2221 599 2281 στενὰ,
631 2221 708 2276 τινὲς
741 2221 790 2268 τὸν
823 2237 899 2280 τιμω-

499 2281 899 2346 κτὸνῶσπιρταῖςβελόναις

499 2344 663 2407 διείρουσι.
684 2345 768 2392 Ταῦτα
788 2343 814 2392 δὲ
834 2341 899 2398 τίνος

498 2405 575 2467 ἐστὶν,
599 2405 743 2465 ὧκίναδος,
767 2405 897 2470 ῥήματαῆ

498 2468 622 2530 butinam
640 2467 743 2528 (Eschine
757 2477 835 2512 contre
846 2469 899 2514 Cte-

497 2529 584 2592 siphon,
604 2531 663 2592 nm.)
690 2533 727 2576 On
749 2529 817 2576 serait
836 2531 898 2577 tense

498 2592 569 2638 d'etre
586 2593 614 2639 de
634 2591 697 2637 l’avis
713 2591 845 2650 d‘Esehin05
863 2607 899 2638 ce·

497 2655 599 2714 pendant
618 2653 689 2714 Pline,
709 2655 763 2698 dans
782 2668 825 2699 une
846 2653 899 2699 lon-

498 2732 541 2778 gue
550 2717 616 2763 lettre
627 2716 728 2762 adresste
740 2715 755 2761 *a
767 2719 892 2780 Lupercus,

495 2777 580 2836 justitie
598 2796 629 2824 un
641 2778 727 2824 certain
746 2779 842 2824 nombre
858 2779 899 2825 dee

497 2841 621 2887 hardiesses
643 2841 671 2887 de
698 2840 860 2901 Demosthene
880 2841 897 2887 il

498 2918 583 2962 proava
597 2919 626 2949 en
638 2905 711 2949 meme
719 2903 898 2964 temps,pardes

497 2967 611 3024 exemples
638 2965 783 3021 nombreux,
812 2966 895 3026 qu'Es-

496 3027 600 3073 chinone
611 3027 684 3073 s'e'tait
697 3044 737 3088 pas
748 3028 836 3073 montre
846 3028 897 3086 plus

497 3089 563 3135 sobre
582 3089 694 3152 dimages
709 3089 804 3136 tardes
826 3097 853 3131 et
862 3088 908 3128 Ἐκ-

499 3168 586 3200 nanes.
598 3152 772 3213 tLeetresAx,
784 3159 865 3194 mx·
921 3197 928 3207 ⁸

540 3224 564 3264 l.
583 3215 697 3268 Ardores,
710 3222 738 3258 ιιι
750 3215 789 3254 'atu
798 3207 891 3252 diodus.
903 3199 946 3240 Q·
