2070 3524
119 296 127 335 t
137 295 161 334 te
474 287 607 334 ORATOR.

117 401 208 462 multd
230 401 301 458 illud
319 399 435 478 quidem
456 400 563 470 serius,
584 401 650 468 sed,
671 399 776 457 eadem
796 399 958 456 admonente

117 498 235 564 natural,
251 513 312 552 esse
326 493 467 570 quosdam
483 504 578 550 certos
591 492 698 555 cursus
711 490 957 567 conclusionesque

115 588 279 646 verborum.
707 649 710 653 ,

157 679 300 753 Quoniam
313 677 401 756 igitur
414 697 530 737 causam
544 680 660 756 quoque
674 678 867 748 ostendimus,
881 689 956 735 natu-

116 792 178 831 ram
195 792 271 830 nunc
282 771 331 850 (id
344 770 422 830 enim
437 782 500 829 erat
512 769 662 849 tertium),
671 769 695 828 si
711 769 821 848 placet,
837 769 955 848 explice-

115 885 179 924 mus
194 888 200 922 :
216 885 280 943 quae
304 863 463 943 disputatio
486 883 545 921 non
570 863 656 936 hujus
676 861 803 922 instituti
825 862 955 922 sermonis

61 947 64 952 ⁵
114 975 170 1034 est,
179 962 229 1021 sed
243 961 313 1020 artis
327 961 446 1020 intimae.
462 959 558 1033 Quaeri
571 959 647 1018 enim
660 971 771 1038 potest,
788 959 839 1036 qui
853 959 890 1018 sit
900 979 954 1018 ore-

114 1056 201 1114 tionis
212 1074 360 1126 numerus,
374 1066 403 1112 et
422 1051 473 1110 ubi
487 1053 523 1110 sit
536 1051 659 1131 positus,
677 1065 707 1111 et
722 1065 809 1111 natus
835 1073 872 1111 ex
889 1068 958 1130 quo,¹

114 1162 143 1207 et
160 1148 184 1206 is
201 1168 311 1205 unusne
329 1147 378 1218 sit,
394 1167 431 1204 an
442 1147 513 1216 duo,
532 1166 570 1204 an
590 1145 700 1225 plures,
714 1150 831 1223 qudque
852 1145 954 1204 ratione

113 1253 321 1320 componatur,
334 1251 364 1297 et
373 1239 410 1296 ad
420 1258 508 1316 quam
518 1258 591 1310 rem,
602 1251 631 1297 et
639 1239 769 1315 quando,
779 1250 809 1297 et
821 1238 952 1316 quoloeo,

113 1348 141 1393 et
148 1333 392 1412 quemadmodum
402 1331 547 1390 adhibitus
559 1332 668 1409 aliquid
680 1331 838 1411 voluptatis
848 1330 952 1405 aflerat.

112 1430 169 1486 Sed
183 1428 256 1487 utin
269 1427 414 1507 plerisque
429 1424 527 1497 rebus,
542 1424 582 1482 sic
598 1424 629 1483 in
640 1425 694 1482 hac
711 1425 820 1503 duplex
837 1437 882 1483 est
894 1442 953 1481 con·

111 1518 257 1577 siderandi
277 1518 339 1591 via,
361 1538 484 1595 quarum
505 1517 595 1599 altera
617 1530 661 1576 est
682 1516 816 1594 longior,
846 1515 953 1575 brevior

111 1612 215 1683 altera,
230 1613 331 1670 eadem
343 1611 430 1670 etiarn
443 1610 570 1690 planior.

145 1854 189 1905 Du
204 1851 317 1903 nombre
338 1850 474 1903 considere
490 1851 555 1904 dans
571 1869 611 1902 ses
629 1852 762 1906 elemento.
781 1850 924 1904 Exiete-t-il

380 1951 417 1983 un
431 1933 543 1984 nombre
558 1929 690 1983 oratoire?

148 2111 256 2167 XXVI.
281 2112 330 2166 Est
357 2120 454 2167 autem
472 2109 611 2187 longioris
635 2110 730 2190 prima
754 2111 806 2168 illa
828 2111 953 2189 quaestio,

107 2202 182 2260 sitne
192 2200 310 2260 omnino
324 2201 383 2260 ulla
400 2223 553 2262 numerosa
572 2203 667 2262 oratio
680 2203 871 2283 (quibusdam
884 2203 954 2263 enim

108 2316 167 2354 non
179 2295 305 2367 videtur,
320 2296 388 2372 quia
402 2296 474 2354 nihil
487 2296 554 2355 insit
575 2295 607 2354 in·
624 2300 658 2355 ed
672 2295 756 2368 certi,
778 2309 811 2355 ut
828 2297 860 2356 in
871 2298 956 2356 versi·

108 2389 173 2460 bus,
187 2401 216 2447 et
229 2388 307 2465 quod
329 2389 398 2468 ipsi,
413 2390 462 2467 qui
478 2390 634 2462 affirment,
658 2410 720 2449 esse
739 2410 789 2449 eos
811 2411 954 2463 numeros,

108 2481 262 2550 rationem,
280 2501 332 2537 cur
350 2481 418 2552 sint,
433 2502 492 2539 non
508 2495 615 2560 queant
630 2484 781 2554 reddere).
805 2483 916 2544 Deinde
934 2484 955 2542 si

107 2574 143 2634 sit
162 2593 298 2632 numerus
313 2574 344 2632 in
358 2573 509 2647 oratione,
529 2575 622 2653 qualis
642 2576 695 2648 sit,
712 2589 763 2635 aut
781 2578 899 2654 quales;
914 2591 955 2650 et,

106 2666 291 2745 epoeticisne
308 2665 447 2737 numeris,
458 2687 496 2724 an
515 2688 551 2726 ex
565 2668 623 2726 alio
637 2688 742 2746 genere
753 2671 897 2749 quodam;
913 2684 955 2742 et,

106 2759 129 2815 si
146 2779 162 2816 e
182 2758 316 2837 poeticis,
336 2759 401 2837 quis
424 2779 524 2817 eorum
545 2759 594 2832 sit,
614 2774 664 2819 aut
680 2761 885 2841 quiNamque
896 2763 956 2823 aliis

107 2870 178 2907 unus
197 2852 297 2923 modo,
318 2851 381 2910 aliis
402 2851 518 2931 plures,
541 2852 604 2911 aliis
624 2874 724 2912 omnes
744 2852 834 2912 iidem
858 2855 957 2915 viden-

107 2954 163 3000 tur.
200 2942 332 3016 Deinde,
363 2943 536 3021 quicumque
562 2958 647 3018 sunt,
684 2946 745 3005 sive
772 2968 866 3022 unus,
898 2949 957 3008 sive

104 3182 116 3205 a
129 3161 211 3209 tetta.
226 3162 291 3208 Adeo
299 3161 385 3224 refugit
400 3173 501 3210 teneram
555 3183 569 3208 a
581 3181 605 3212 se
619 3167 734 3227 numeris,
748 3168 795 3229 quo
808 3183 850 3215 eos
862 3168 954 3216 iuhibe-

94 3226 292 3289 «delicatamque
306 3225 445 3274 modulandi
457 3242 503 3273 vo·
559 3247 572 3272 n
585 3237 635 3291 ret,
648 3229 803 3288 proliceret.»
811 3230 957 3287 Quinimmo,

84 3291 238 3351 «rapinem,
254 3300 282 3340 ut
299 3292 454 3341 eurrentilma
463 3307 508 3355 per
564 3293 629 3340 lost.
639 3291 725 3352 Oret„
738 3292 787 3347 lx,
797 3290 846 3348 unq
