2070 3524
94 266 136 306 rat
448 259 583 308 ORATOR.

88 396 142 436 uec
154 375 240 433 nimis
257 376 345 434 altam
364 388 394 434 et
410 385 614 451 exaggeratam
630 371 757 451 probat;
773 372 880 451 plenam
892 384 922 430 ta

89 489 155 528 rnen
167 488 231 527 eam
246 468 308 526 vult
320 488 382 528 esse
397 467 559 546 gravitatis,
573 479 606 526 ut
619 485 680 538 eos,
696 465 748 544 qui
760 465 884 537 audient,
894 465 920 522 ad

89 563 229 635 majorem
243 560 463 620 admirationem
479 559 569 639 possit
591 560 755 618 traducere.
773 559 921 618 Trochaeun

89 666 196 722 autem,
210 651 262 730 qui
274 665 318 711 est
331 655 433 712 eodem
442 653 553 733 spatio,
566 672 626 730 quo
641 652 779 726 choreus,
791 652 921 710 cordacem
957 692 960 697 -

89 745 244 826 appellat¹,
259 746 328 823 quia
342 747 501 805 contractio
515 759 544 805 et
557 745 684 804 brevitas
693 744 867 822 'dignitatem
877 763 921 802 non

88 839 205 899 habeat.
225 845 269 899 Ita
288 860 390 919 paeona
403 839 517 919 probat,
534 858 627 917 eoque
650 837 692 898 ait
705 837 750 897 uti
764 858 871 916 omnes,
884 836 921 895 sed
961 838 967 903 ἓ

87 934 166 1013 ipsos
177 953 237 991 non
252 932 369 1005 sentire,
382 953 472 1010 quum
484 944 620 990 utantur:
636 951 700 990 esse
714 944 813 991 autem
827 929 922 989 tertium
962 914 967 933 ⁴

89 1047 123 1084 ac
141 1025 269 1084 medium
286 1025 363 1084 inter
380 1025 464 1099 illos;
478 1026 530 1084 sed
545 1025 586 1083 ita
601 1024 692 1082 iactos
708 1045 758 1083 eos
771 1026 857 1104 pedes
866 1041 921 1094 csse,
964 1040 967 1049 ·

90 1134 123 1179 ut
140 1120 170 1177 in
184 1119 225 1179 eis
243 1119 363 1195 singulis
378 1121 479 1178 modus
500 1119 590 1178 insit¹
611 1131 662 1177 aut
684 1118 867 1197 sesquiplex,
883 1125 922 1174 ant

89 1213 210 1291 duplex,
223 1225 274 1270 aut
286 1233 351 1291 par.
363 1217 466 1291 ltaque
477 1213 532 1286 illi,
547 1214 583 1270 de
596 1211 702 1289 quibus
713 1212 783 1270 ante
794 1209 863 1284 dixi,
874 1222 923 1268 tan·
964 1280 967 1287 Ι

90 1306 239 1363 tummodo
250 1304 464 1364 commoditatis
480 1304 646 1365 habuerunt
663 1304 818 1378 rationem,
833 1302 922 1361 nullan
961 1316 967 1373 ζ

90 1397 250 1474 dignitatis.
278 1399 394 1457 lambns
416 1398 492 1458 euim
515 1410 544 1457 et
562 1397 694 1473 dactylus
711 1396 743 1455 in
762 1416 873 1456 versum
888 1413 924 1452 ca·
964 1384 967 1461 ζ

90 1496 164 1552 dunt
177 1495 311 1554 maximi.
323 1501 425 1575 ltaque
438 1509 471 1555 ut
481 1515 598 1554 versum
610 1493 738 1570 fugimus
754 1493 785 1552 in
799 1492 923 1560 oratioue,

91 1588 132 1646 sic
149 1588 181 1645 hi
199 1600 265 1646 sunt
284 1588 412 1647 evitandi
427 1586 589 1647 continuati
607 1589 696 1665 pedes
705 1587 726 1646 ³.
759 1586 844 1645 Aliud
862 1584 924 1644 enim
964 1586 967 1593 '

91 1677 925 1761 quiddamestoratio‚necquidquaminimicius‚quamilla
965 1756 967 1761 Ι

91 1773 232 1831 versibus.
247 1778 333 1832 Paeon
353 1787 450 1833 autem
465 1774 583 1833 minime
603 1785 646 1832 est
660 1786 746 1851 aptus
761 1773 799 1831 ad
808 1786 923 1843 versum;

91 1865 151 1943 qud
169 1863 304 1924 libentius
325 1886 391 1924 eum
411 1866 514 1946 recipit
533 1866 637 1926 oratio.
660 1866 796 1944 Ephorus
812 1865 880 1923 verd
897 1878 926 1919 ne

92 1959 260 2037 spondaeum
270 1959 495 2037 quidem‚quem
505 1956 926 2037 sugit,intelligitesseaequalen

126 2152 278 2200 l.Cordacem
287 2153 398 2214 appellat.
407 2155 491 2200 Lecon

93 2213 142 2260 dax
162 2215 218 2261 etait
235 2231 281 2261 une
302 2217 371 2261 druse
388 2216 493 2276 comique

93 2287 117 2322 et
130 2278 221 2324 lascive.
240 2279 352 2339 Κόρδαξ,
368 2278 431 2335 εἶδος
447 2279 493 2342 ὁρ-

95 2341 190 2400 χὴσεως
224 2341 334 2404 &ceptam
367 2342 491 2403 κομώσης.

95 2405 133 2450 On
153 2402 181 2447 lit
206 2404 263 2448 dans
282 2419 313 2447 un
332 2403 446 2464 fragment
465 2404 494 2446 de

95 2465 193 2509 Petrone
206 2483 211 2511 :
226 2484 239 2507 a
257 2465 348 2510 Credite
359 2464 430 2522 mihi,
445 2480 495 2510 oor·

96 2544 109 2568 a
124 2527 202 2572 dacem
220 2542 288 2572 nemo
300 2526 378 2570 metius
395 2525 493 2570 ducit.»

128 2593 149 2636 2.
169 2591 198 2635 Ue
217 2590 241 2633 in
256 2588 288 2633 eis
298 2588 400 2648 singulis
416 2587 495 2631 rnodus

96 2653 160 2697 insit.
173 2669 186 2693 α
198 2651 298 2697 Arietate
308 2651 383 2709 ajonte
392 2664 438 2709 que
445 2659 496 2694 tout

97 2714 118 2759 le
129 2713 215 2758 monde
225 2711 325 2773 emploie
336 2713 358 2756 le
365 2712 433 2771 peon,
443 2727 495 2756 saus

97 2776 146 2820 a'en
166 2774 314 2835 apercevoir;
331 2790 375 2833 que
393 2773 448 2818 c'est
464 2789 495 2818 uu

97 2836 210 2882 troisieme
225 2836 320 2882 nombre
341 2834 381 2895 qui
399 2835 456 2880 tient
475 2837 497 2880 lc

95 2899 154 2956 juste
175 2899 253 2944 milieu
275 2908 339 2944 entre
366 2897 398 2942 les
422 2907 496 2943 autres

98 2960 164 3019 pieds
180 2961 237 3004 dont
249 2961 271 3018 je
286 2960 349 3005 viena
364 2960 393 3004 de
406 2960 495 3022 parler;

99 3038 143 3082 que
160 3031 211 3066 tons
226 3037 263 3066 ces
286 3023 352 3082 pieds
369 3031 421 3066 sont
443 3038 497 3068 con·

99 3084 177 3130 struits
192 3085 220 3129 de
236 3083 334 3130 muniere
350 3101 395 3146 que
407 3085 428 3131 la
444 3101 498 3146 pro·

99 3147 193 3209 portion
201 3147 230 3191 de
241 3161 329 3192 mesure
338 3148 406 3208 quise
417 3156 498 3193 trouve

96 3221 229 3269 enervem,
246 3218 281 3256 est
295 3224 340 3257 one
357 3209 499 3273 proportion

547 2153 629 2213 domic,
644 2169 675 2198 ou
686 2153 830 2213 simplement
844 2154 873 2198 du
884 2152 929 2196 dou·

547 2216 593 2261 ble.
603 2235 615 2258 n
624 2215 772 2276 (Traduction
781 2217 811 2262 de
817 2219 848 2263 Le
857 2210 926 2271 Clare.)

579 2282 602 2326 3.
637 2279 769 2322 Continucti
779 2278 857 2340 pedes.
871 2274 931 2332 Quiss‘

547 2337 611 2384 tilien
624 2338 691 2384 faita
705 2355 731 2384 ce
744 2355 831 2401 propos
845 2354 886 2385 une
896 2335 931 2381 dir·

547 2401 644 2447 tinction
667 2402 769 2447 curiense
794 2403 808 2448 a
831 2401 929 2449 audio:

549 2464 637 2509 «Illud
661 2473 695 2508 est
716 2464 782 2524 quod
806 2454 874 2525 sopiit
893 2457 933 2506 dlxi

549 2543 562 2567 «r
574 2526 671 2570 multum
683 2524 776 2585 referre,
790 2543 865 2572 unone
874 2521 933 2570 serio

549 2604 564 2629 a
576 2587 646 2648 pedes
659 2587 704 2632 sint
714 2588 762 2633 duo
773 2582 935 2650 comprehensi,

550 2667 563 2691 (ι
576 2665 605 2694 an
616 2659 712 2711 uterquc
721 2649 789 2697 liber.
802 2651 840 2698 Sic
849 2650 906 2696 enim
914 2643 936 2690 fil

550 2727 563 2753 c
578 2711 646 2769 lortc,
660 2711 856 2758 criminis-causa:
868 2709 934 2766 molle,

551 2791 564 2815 a
575 2773 734 2833 arctatpirarae:
750 2774 887 2831 mollius‚ei
901 2770 938 2816 tri·

551 2854 563 2878 ι(
576 2835 674 2896 brachys
681 2834 804 2896 praecedat,
804 2836 938 2899 facilitates,

553 2913 564 2941 a
577 2901 720 2942 temeritates·
740 2899 780 2943 Est
795 2899 857 2944 euim
876 2892 941 2957 quod·

552 2978 565 3002 «
578 2960 667 3005 damin
683 2958 733 3020 ipsi
746 2959 860 3006 divisione
869 2957 941 3005 verbo·

552 3041 565 3064 «
577 3038 629 3068 rum
637 3024 710 3067 latens
720 3030 817 3084 tempus,
828 3031 852 3068 ut
863 3021 887 3066 ln
895 3033 942 3082 pen·

553 3103 566 3126 ι(
578 3087 670 3130 tameerr'
687 3084 764 3130 medio
782 3084 894 3146 spondeo,
907 3077 942 3141 qai

553 3166 566 3190 a
579 3146 623 3192 nisi
635 3147 728 3191 alterius
743 3147 808 3193 verbi
824 3147 884 3204 line,
897 3145 944 3190 alte·

556 3209 628 3254 arim
652 3207 721 3252 initio
746 3218 849 3266 mutet,
864 3218 947 3251 *amm

86 3289 118 3318 ou
133 3273 261 3340 d’egalite,
274 3291 306 3323 ou
324 3275 396 3325 d'ane
415 3274 461 3324 lois
478 3283 506 3322 et
561 3291 577 3317 a
588 3286 640 3317 nou
650 3268 733 3316 eructi.
744 3286 760 3310 s»
