2070 3524
87 259 114 303 712
444 260 576 307 ORATOR.

86 486 137 536 Des
146 485 344 538 connaissances
352 485 493 557 pratiques.
502 473 589 538 Etude
598 485 634 538 du
645 487 728 557 sajet3
736 484 930 556 idieginkraie3

967 402 977 445 'i

139 564 259 632 question
272 566 447 634 particuliire.
461 564 590 618 Procidia
604 563 637 617 de
650 563 884 636 direloppement.
974 582 977 595 ¹

126 748 233 804 XVIII.
266 745 312 806 Sic
341 745 429 824 igitur
448 747 605 805 instructus
629 745 727 805 veniet
750 746 788 804 ad
810 765 929 805 causas:

86 859 209 917 quarum
230 839 349 898 habebit
379 860 486 917 genera
513 838 639 918 primam
659 840 722 918 ipsa
734 838 861 918 cognita.
877 838 931 897 Erit
972 858 977 879 ¹

87 932 161 990 enim
178 932 205 991 ei
226 945 423 1012 perspectam,
443 931 515 990 nihil
530 932 638 1010 ambigi
648 952 745 1012 posse,
760 931 793 989 in
807 953 868 1011 quo
878 952 930 991 non

87 1040 135 1084 aut
149 1046 195 1084 res
208 1025 436 1085 controversiam
451 1024 546 1097 saciat,
567 1038 616 1084 aut
633 1024 734 1084 verba.
753 1029 814 1084 Res
833 1039 882 1085 aut
899 1027 931 1085 de

85 1139 166 1195 vero,
176 1132 225 1176 aut
239 1121 274 1177 de
290 1132 380 1192 recto,
392 1131 442 1177 aut
453 1120 488 1177 de
497 1118 628 1177 nomine¹
635 1142 644 1192 ;
654 1117 745 1176 verba
759 1130 812 1177 aut
824 1121 862 1178 de
874 1138 931 1177 ara·

86 1210 186 1290 bigrm,
197 1223 246 1269 aut
261 1213 297 1269 de
312 1210 470 1270 contrari0.
480 1215 553 1271 Nam
569 1211 718 1290 siquando
732 1211 813 1269 aliud
827 1211 858 1270 in
869 1232 932 1273 sen·
973 1216 977 1223 '

86 1303 174 1363 tentii
187 1303 301 1363 videtur
311 1325 383 1377 esse,
395 1305 475 1363 aliud
483 1305 514 1363 in
524 1304 631 1377 verbis,
639 1324 728 1383 genus
737 1294 931 1382 estquoddanr

86 1396 225 1477 ambigui,
241 1400 320 1475 quod
335 1418 370 1457 ex
382 1398 530 1477 praeterito
541 1397 630 1456 verbo
646 1397 709 1455 fieri
720 1397 808 1475 solet,
822 1399 855 1457 in
866 1418 931 1477 qna,

86 1492 164 1569 quod
176 1504 219 1551 est
227 1491 431 1570 ambiguorum
453 1491 617 1571 proprium,
631 1512 678 1550 res
694 1492 768 1549 duas
780 1488 934 1569 significari

87 1585 231 1646 videmus.

127 1683 224 1753 Quum
249 1691 307 1737 tam
327 1698 421 1759 pauca
444 1678 501 1736 sint
522 1697 628 1755 genera
648 1676 830 1749 causarnm',
853 1675 936 1736 etiarn

18 1800 25 1817 ι
87 1782 323 1847 argumentorum
336 1782 482 1849 praecepta
495 1790 586 1850 panca
600 1783 677 1829 sunt.
695 1771 807 1829 Traditi
829 1783 935 1843 sunt,e

87 1862 192 1939 quibus
219 1883 253 1922 ea
270 1863 424 1937 ducantur,
449 1862 579 1942 duplices
604 1862 699 1922 loci':
720 1863 789 1921 uni*
812 1882 830 1922 e
854 1861 937 1923 rebus

120 2106 142 2147 I.
167 2102 202 2145 De
224 2103 322 2148 nomine.
340 2103 414 2146 Toute
429 2115 486 2145 con-

87 2161 194 2208 testation
201 2162 241 2222 qui
250 2163 314 2208 roule
325 2178 363 2208 sar
376 2163 408 2208 les
419 2172 485 2208 mota.

120 2232 142 2273 2.
160 2228 235 2285 (iurem
247 2237 293 2270 tam
304 2242 379 2285 pauca
389 2226 436 2270 siat
448 2242 487 2286 ga·

88 2303 143 2332 nera
154 2303 284 2333 causarum.
300 2291 336 2334 On
353 2288 413 2333 nvait
429 2288 488 2333 ima-

88 2350 142 2411 gini
154 2352 211 2396 dans
224 2352 256 2396 les
267 2351 340 2396 booles
356 2366 400 2396 une
409 2349 489 2410 singu-

88 2412 489 2471 liireclaaaifinntionqueQuintiIien

92 2489 149 2518 nous
168 2490 181 2518 a
202 2474 323 2518 conservio
340 2488 345 2516 :
367 2492 378 2513 a
399 2474 488 2517 Genera

90 2552 105 2579 a
121 2535 192 2595 porri)
201 2550 317 2580 causarum
324 2533 489 2594 plurimiquin·

91 2616 105 2640 a
122 2612 166 2657 que
182 2597 282 2643 Ieoerunt
291 2615 297 2643 ε
306 2597 435 2654 honestum,
450 2595 490 2640 liu-

92 2659 190 2719 «mile,
213 2660 309 2705 dubium
327 2658 363 2702 vel
385 2672 485 2719 anceps,

91 2740 105 2765 «
121 2721 265 2783 admirabile,
277 2722 411 2773 obscuram,-
424 2719 491 2765 idest

93 2801 106 2826 α
123 2783 231 2841 hiatur,
243 2783 342 2843 ἄδοξον,
352 2781 488 2844 ἀμφίδοξον,

92 2862 106 2888 ι
120 2846 268 2908 παράδοξον,
285 2843 490 2904 δυσπαρακολού-

93 2925 106 2948 α
123 2908 205 2964 θητον,
223 2910 279 2953 Sunt
291 2906 374 2967 quibus
385 2914 445 2951 recte
455 2906 490 2950 vi-

94 2985 108 3010 a
125 2967 205 3013 dantur
215 2969 281 3027 nrljiri
293 2982 366 3027 turpe,
376 2969 439 3028 quod
453 2968 491 3013 alii

96 3046 108 3074 a
124 3029 215 3089 humili,
227 3030 266 3075 alii
276 3029 410 3074 admirabili
422 3030 492 3092 subji-

95 3111 108 3135 ι(
124 3092 195 3142 ciunt.
212 3090 357 3138 Admirabile
368 3101 441 3138 autem
453 3108 492 3138 vo·

94 3172 108 3197 a
126 3165 187 3215 cant,
193 3156 256 3218 qaod
267 3164 300 3201 est
309 3163 392 3216 prater
401 3154 493 3216 opinio-

93 3233 109 3259 «
121 3232 175 3263 nem
191 3217 313 3265 Iromiaam
334 3216 493 3265 constitutum.

81 3296 95 3319 a
111 3280 142 3325 ln
154 3284 257 3349 ancipiti
269 3282 375 3331 maximi
393 3282 498 3333 benero-
554 3282 661 3339 «Quam
674 3292 729 3322 nna
746 3276 852 3319 naniam
866 3273 926 3329 Iege
943 3282 968 3313 ex

541 2118 554 2143 «
570 2101 618 2146 Iam
640 2099 757 2161 judicem,
792 2100 817 2145 in
846 2100 938 2145 obscura

542 2182 554 2205 r<
571 2162 677 2221 docilem,
696 2162 721 2207 in
735 2162 819 2207 humili
829 2172 938 2208 attentam

542 2244 554 2267 «
570 2240 649 2285 parare
663 2225 780 2272 debemus.
795 2226 855 2270 Nam
864 2224 939 2270 hanu-

542 2306 555 2330 «
572 2297 620 2331 tum
639 2286 732 2348 quidem
748 2288 777 2332 ad
798 2286 939 2333 conciliatio·

542 2364 624 2394 «nem
643 2350 694 2394 satis
713 2365 756 2411 per
771 2364 796 2393 se
811 2350 895 2395 vaiet:
915 2348 939 2393 in

543 2431 556 2454 ι(
571 2410 705 2456 admirabili
715 2421 738 2455 et
753 2412 823 2472 turpi,
835 2408 939 2457 mmcdiis

543 2493 556 2516 ι(
573 2488 630 2533 opus
644 2482 686 2520 est.
700 2491 714 2516 a)

573 2541 596 2584 ³.
609 2535 718 2597 Duplices
728 2533 781 2581 Ioci.
793 2533 868 2580 Lieux
878 2550 940 2580 corn·

543 2612 609 2641 muns
624 2596 788 2657 inffimiqun,
798 2597 863 2642 lieux
879 2612 941 2643 nom-

542 2675 609 2704 muns
620 2659 785 2719 extrinsiques.

573 2727 596 2775 4.
612 2723 664 2769 Uni.
676 2724 719 2767 Les
727 2720 842 2766 meilleura
854 2731 942 2767 autenra

543 2783 666 2841 emplnieat
682 2799 740 2828 unus
758 2798 787 2827 nn
806 2783 898 2845 pluriel,
914 2798 941 2829 en

543 2861 612 2906 prose
620 2861 709 2890 nomme
717 2861 746 2889 en
754 2859 814 2890 vera.
824 2863 838 2887 «
846 2847 881 2891 Ex
893 2844 943 2890 nnis

545 2926 558 2949 «
575 2907 677 2969 geminas
692 2907 747 2951 mihi
762 2906 869 2952 conficias
883 2924 943 2967 nup·

545 2989 558 3012 α
574 2969 624 3017 tias.
640 2989 653 3012 »
671 2970 786 3031 (Timon,
800 2970 943 3027 Andriam,

545 3031 670 3090 1v‚1,ar).
683 3050 735 3073 -«
747 3029 803 3076 Ubii
813 3032 855 3090 qni
865 3031 944 3077 anie!

545 3093 749 3139 «Transrhenanis
791 3094 806 3136 d
835 3095 945 3140 casam

546 3174 559 3199 a
572 3155 659 3218 legatos
685 3109 832 3202 miserari.»
859 3155 944 3217 (casn,

548 3220 636 3264 (ἔκοντο
644 3216 684 3259 des
692 3216 827 3273 caulam
836 3218 949 3273 ,qu-
