<?xml version="1.0" encoding="UTF-8"?>
<!DOCTYPE html PUBLIC "-//W3C//DTD XHTML 1.0 Transitional//EN"
    "http://www.w3.org/TR/xhtml1/DTD/xhtml1-transitional.dtd">
<html xmlns="http://www.w3.org/1999/xhtml" xml:lang="en" lang="en">
 <head>
  <title>
</title>
<meta http-equiv="Content-Type" content="text/html;charset=utf-8" />
  <meta name='ocr-system' content='tesseract 3.04.00' />
  <meta name='ocr-capabilities' content='ocr_page ocr_carea ocr_par ocr_line ocrx_word'/>
</head>
<body>
  <div class='ocr_page' id='page_1' title='image "./orator00aubegoog/orator00aubegoog_0043.png"; bbox 0 0 2070 3524; ppageno 0'>
   <div class='ocr_carea' id='block_1_1' title="bbox 424 106 910 152">
    <p class='ocr_par' dir='ltr' id='par_1_1' title="bbox 424 106 910 152">
     <span class='ocr_line' id='line_1_1' title="bbox 424 106 910 152; baseline 0.002 -2"><span class='ocrx_word' id='word_1_1' title='bbox 424 106 556 152; x_wconf 73' lang='lat' dir='ltr'>ORATOR.</span> <span class='ocrx_word' id='word_1_2' title='bbox 883 112 910 151; x_wconf 73' lang='lat'>23</span> 
     </span>
    </p>
   </div>
   <div class='ocr_carea' id='block_1_2' title="bbox 55 219 911 1042">
    <p class='ocr_par' dir='ltr' id='par_1_2' title="bbox 55 219 911 1042">
     <span class='ocr_line' id='line_1_2' title="bbox 55 219 911 298; baseline 0.005 -21"><span class='ocrx_word' id='word_1_3' title='bbox 55 237 152 298; x_wconf 87' lang='lat' dir='ltr'>genus</span> <span class='ocrx_word' id='word_1_4' title='bbox 163 229 193 276; x_wconf 87' lang='lat' dir='ltr'>et</span> <span class='ocrx_word' id='word_1_5' title='bbox 206 221 330 280; x_wconf 86' lang='lat' dir='ltr'>solutum</span> <span class='ocrx_word' id='word_1_6' title='bbox 345 233 374 280; x_wconf 89' lang='lat' dir='ltr'>et</span> <span class='ocrx_word' id='word_1_7' title='bbox 386 219 516 294; x_wconf 86' lang='lat' dir='ltr'>effluens,</span> <span class='ocrx_word' id='word_1_8' title='bbox 527 220 675 281; x_wconf 83' lang='lat' dir='ltr'><strong>sententiis</strong></span> <span class='ocrx_word' id='word_1_9' title='bbox 688 233 833 298; x_wconf 86' lang='lat' dir='ltr'>argutum,</span> <span class='ocrx_word' id='word_1_10' title='bbox 850 242 911 282; x_wconf 86' lang='lat' dir='ltr'>ver·</span> 
     </span>
     <span class='ocr_line' id='line_1_3' title="bbox 56 310 911 393; baseline 0.006 -24"><span class='ocrx_word' id='word_1_11' title='bbox 56 310 230 383; x_wconf 79' lang='lat' dir='ltr'>bissenam,</span> <span class='ocrx_word' id='word_1_12' title='bbox 241 327 284 373; x_wconf 88' lang='lat' dir='ltr'>est</span> <span class='ocrx_word' id='word_1_13' title='bbox 297 314 327 373; x_wconf 94' lang='lat' dir='ltr'>in</span> <span class='ocrx_word' id='word_1_14' title='bbox 343 314 393 372; x_wconf 92' lang='lat' dir='ltr'>illo</span> <span class='ocrx_word' id='word_1_15' title='bbox 403 315 557 393; x_wconf 84' lang='lat' dir='ltr'>epidictico</span> <span class='ocrx_word' id='word_1_16' title='bbox 565 334 681 392; x_wconf 82' lang='lat' dir='ltr'><strong>genere,</strong></span> <span class='ocrx_word' id='word_1_17' title='bbox 695 317 775 392; x_wconf 91' lang='lat' dir='ltr'>quod</span> <span class='ocrx_word' id='word_1_18' title='bbox 786 315 911 374; x_wconf 87' lang='lat' dir='ltr'>diximus</span> 
     </span>
     <span class='ocr_line' id='line_1_4' title="bbox 55 403 909 488; baseline 0.006 -25"><span class='ocrx_word' id='word_1_19' title='bbox 55 403 213 484; x_wconf 87' lang='lat' dir='ltr'>proprium</span> <span class='ocrx_word' id='word_1_20' title='bbox 228 407 433 486; x_wconf 79' lang='lat' dir='ltr'>sophistarum,</span> <span class='ocrx_word' id='word_1_21' title='bbox 449 429 564 488; x_wconf 83' lang='lat' dir='ltr'>pompae</span> <span class='ocrx_word' id='word_1_22' title='bbox 581 412 669 487; x_wconf 73' lang='lat' dir='ltr'>quim</span> <span class='ocrx_word' id='word_1_23' title='bbox 687 426 790 487; x_wconf 82' lang='lat' dir='ltr'>pugnae</span> <span class='ocrx_word' id='word_1_24' title='bbox 804 407 909 487; x_wconf 88' lang='lat' dir='ltr'>aptius,</span> 
     </span>
     <span class='ocr_line' id='line_1_5' title="bbox 55 497 911 582; baseline 0.006 -26"><span class='ocrx_word' id='word_1_25' title='bbox 55 497 217 576; x_wconf 82' lang='lat' dir='ltr'>gymnasiis</span> <span class='ocrx_word' id='word_1_26' title='bbox 236 513 264 559; x_wconf 92' lang='lat' dir='ltr'>et</span> <span class='ocrx_word' id='word_1_27' title='bbox 283 501 421 579; x_wconf 78' lang='lat' dir='ltr'>palaestrae</span> <span class='ocrx_word' id='word_1_28' title='bbox 441 500 579 573; x_wconf 89' lang='lat' dir='ltr'>dicatum,</span> <span class='ocrx_word' id='word_1_29' title='bbox 602 513 730 581; x_wconf 89' lang='lat' dir='ltr'>spretum</span> <span class='ocrx_word' id='word_1_30' title='bbox 748 513 778 559; x_wconf 88' lang='lat' dir='ltr'>et</span> <span class='ocrx_word' id='word_1_31' title='bbox 796 501 911 582; x_wconf 91' lang='lat' dir='ltr'>pulsum</span> 
     </span>
     <span class='ocr_line' id='line_1_6' title="bbox 56 589 908 673; baseline 0.007 -25"><span class='ocrx_word' id='word_1_32' title='bbox 56 591 135 650; x_wconf 83' lang='lat' dir='ltr'>foro.</span> <span class='ocrx_word' id='word_1_33' title='bbox 153 592 210 650; x_wconf 87' lang='lat' dir='ltr'>Sed</span> <span class='ocrx_word' id='word_1_34' title='bbox 221 589 300 670; x_wconf 79' lang='lat' dir='ltr'>qudd</span> <span class='ocrx_word' id='word_1_35' title='bbox 314 594 435 652; x_wconf 86' lang='lat' dir='ltr'>educata</span> <span class='ocrx_word' id='word_1_36' title='bbox 444 592 532 673; x_wconf 86' lang='lat' dir='ltr'>hujus</span> <span class='ocrx_word' id='word_1_37' title='bbox 541 593 724 653; x_wconf 86' lang='lat' dir='ltr'>nutrimentis</span> <span class='ocrx_word' id='word_1_38' title='bbox 735 593 908 673; x_wconf 83' lang='lat' dir='ltr'>eloquentia,</span> 
     </span>
     <span class='ocr_line' id='line_1_7' title="bbox 55 677 910 764; baseline 0.006 -23"><span class='ocrx_word' id='word_1_39' title='bbox 55 682 125 764; x_wconf 83' lang='lat' dir='ltr'>ipsa</span> <span class='ocrx_word' id='word_1_40' title='bbox 137 677 278 762; x_wconf 85' lang='lat' dir='ltr'>sepo&#39;stea</span> <span class='ocrx_word' id='word_1_41' title='bbox 289 685 402 744; x_wconf 85' lang='lat' dir='ltr'>colorat</span> <span class='ocrx_word' id='word_1_42' title='bbox 415 699 444 744; x_wconf 91' lang='lat' dir='ltr'>et</span> <span class='ocrx_word' id='word_1_43' title='bbox 456 687 585 761; x_wconf 82' lang='lat' dir='ltr'>roborat,</span> <span class='ocrx_word' id='word_1_44' title='bbox 601 707 660 746; x_wconf 93' lang='lat' dir='ltr'>non</span> <span class='ocrx_word' id='word_1_45' title='bbox 671 686 796 745; x_wconf 90' lang='lat' dir='ltr'>alienum</span> <span class='ocrx_word' id='word_1_46' title='bbox 809 687 863 746; x_wconf 87' lang='lat' dir='ltr'>suit</span> <span class='ocrx_word' id='word_1_47' title='bbox 874 689 910 746; x_wconf 90' lang='lat' dir='ltr'>de</span> 
     </span>
     <span class='ocr_line' id='line_1_8' title="bbox 56 775 909 855; baseline 0.007 -20"><span class='ocrx_word' id='word_1_48' title='bbox 56 775 184 836; x_wconf 83' lang='lat' dir='ltr'>oratoris</span> <span class='ocrx_word' id='word_1_49' title='bbox 201 778 283 855; x_wconf 82' lang='lat' dir='ltr'>quasi</span> <span class='ocrx_word' id='word_1_50' title='bbox 300 776 481 838; x_wconf 88' lang='lat' dir='ltr'>incunabulis</span> <span class='ocrx_word' id='word_1_51' title='bbox 500 779 608 841; x_wconf 87' lang='lat' dir='ltr'>dicere.</span> <span class='ocrx_word' id='word_1_52' title='bbox 624 783 732 838; x_wconf 79' lang='lat' dir='ltr'>Verum</span> <span class='ocrx_word' id='word_1_53' title='bbox 750 780 811 838; x_wconf 78' lang='lat' dir='ltr'>haec</span> <span class='ocrx_word' id='word_1_54' title='bbox 824 781 909 841; x_wconf 89' lang='lat' dir='ltr'>ludo-</span> 
     </span>
     <span class='ocr_line' id='line_1_9' title="bbox 56 873 909 954; baseline 0.006 -26"><span class='ocrx_word' id='word_1_55' title='bbox 56 890 126 928; x_wconf 89' lang='lat' dir='ltr'>rum</span> <span class='ocrx_word' id='word_1_56' title='bbox 138 882 224 948; x_wconf 84' lang='lat' dir='ltr'>atque</span> <span class='ocrx_word' id='word_1_57' title='bbox 237 891 365 951; x_wconf 81' lang='lat' dir='ltr'>pompae3</span> <span class='ocrx_word' id='word_1_58' title='bbox 380 892 433 930; x_wconf 92' lang='lat' dir='ltr'>nos</span> <span class='ocrx_word' id='word_1_59' title='bbox 444 885 540 932; x_wconf 85' lang='lat' dir='ltr'>autem</span> <span class='ocrx_word' id='word_1_60' title='bbox 555 873 618 954; x_wconf 82' lang='lat' dir='ltr'>jam</span> <span class='ocrx_word' id='word_1_61' title='bbox 634 873 665 931; x_wconf 94' lang='lat' dir='ltr'>in</span> <span class='ocrx_word' id='word_1_62' title='bbox 683 874 775 932; x_wconf 85' lang='lat' dir='ltr'>aciem</span> <span class='ocrx_word' id='word_1_63' title='bbox 787 873 909 934; x_wconf 87' lang='lat' dir='ltr'>dimica-</span> 
     </span>
     <span class='ocr_line' id='line_1_10' title="bbox 56 963 457 1042; baseline 0.005 -20"><span class='ocrx_word' id='word_1_64' title='bbox 56 963 225 1042; x_wconf 88' lang='lat' dir='ltr'>tionemque</span> <span class='ocrx_word' id='word_1_65' title='bbox 238 966 457 1033; x_wconf 81' lang='lat' dir='ltr'>descendamus.</span> 
     </span>
    </p>
   </div>
   <div class='ocr_carea' id='block_1_3' title="bbox 123 1202 848 1276">
    <p class='ocr_par' dir='ltr' id='par_1_3' title="bbox 123 1202 848 1276">
     <span class='ocr_line' id='line_1_11' title="bbox 123 1202 848 1276; baseline 0.001 -18"><span class='ocrx_word' id='word_1_66' title='bbox 123 1207 164 1258; x_wconf 91' lang='lat' dir='ltr'>De</span> <span class='ocrx_word' id='word_1_67' title='bbox 174 1202 337 1274; x_wconf 75' lang='lat' dir='ltr'>l’eloquence</span> <span class='ocrx_word' id='word_1_68' title='bbox 345 1202 496 1274; x_wconf 86' lang='lat' dir='ltr'>judiciaire.</span> <span class='ocrx_word' id='word_1_69' title='bbox 508 1204 666 1272; x_wconf 81' lang='lat' dir='ltr'>Invention3</span> <span class='ocrx_word' id='word_1_70' title='bbox 682 1204 848 1276; x_wconf 85' lang='lat' dir='ltr'>disposition.</span> 
     </span>
    </p>
   </div>
   <div class='ocr_carea' id='block_1_4' title="bbox 54 1384 908 1739">
    <p class='ocr_par' dir='ltr' id='par_1_4' title="bbox 54 1384 908 1739">
     <span class='ocr_line' id='line_1_12' title="bbox 97 1384 908 1466; baseline 0.004 -23"><span class='ocrx_word' id='word_1_71' title='bbox 97 1386 178 1447; x_wconf 85' lang='lat' dir='ltr'>v111.</span> <span class='ocrx_word' id='word_1_72' title='bbox 201 1385 344 1461; x_wconf 86' lang='lat' dir='ltr'>Quoniam</span> <span class='ocrx_word' id='word_1_73' title='bbox 369 1385 425 1444; x_wconf 74' lang='lat' dir='ltr'>tria</span> <span class='ocrx_word' id='word_1_74' title='bbox 449 1384 574 1442; x_wconf 86' lang='lat' dir='ltr'>videnda</span> <span class='ocrx_word' id='word_1_75' title='bbox 596 1396 664 1443; x_wconf 91' lang='lat' dir='ltr'>sunt</span> <span class='ocrx_word' id='word_1_76' title='bbox 686 1387 813 1461; x_wconf 85' lang='lat' dir='ltr'>oratori,</span> <span class='ocrx_word' id='word_1_77' title='bbox 836 1389 908 1466; x_wconf 91' lang='lat' dir='ltr'>quid</span> 
     </span>
     <span class='ocr_line' id='line_1_13' title="bbox 54 1473 907 1555; baseline 0.002 -21"><span class='ocrx_word' id='word_1_78' title='bbox 54 1473 135 1534; x_wconf 77' lang='lat' dir='ltr'>dicat</span> <span class='ocrx_word' id='word_1_79' title='bbox 155 1487 184 1534; x_wconf 87' lang='lat' dir='ltr'>et</span> <span class='ocrx_word' id='word_1_80' title='bbox 203 1496 262 1555; x_wconf 89' lang='lat' dir='ltr'>quo</span> <span class='ocrx_word' id='word_1_81' title='bbox 276 1476 406 1555; x_wconf 86' lang='lat' dir='ltr'>quidque</span> <span class='ocrx_word' id='word_1_82' title='bbox 426 1475 503 1549; x_wconf 89' lang='lat' dir='ltr'>loco,</span> <span class='ocrx_word' id='word_1_83' title='bbox 523 1487 553 1532; x_wconf 89' lang='lat' dir='ltr'>et</span> <span class='ocrx_word' id='word_1_84' title='bbox 570 1474 727 1552; x_wconf 91' lang='lat' dir='ltr'>quomodo,</span> <span class='ocrx_word' id='word_1_85' title='bbox 752 1476 907 1536; x_wconf 90' lang='lat' dir='ltr'>dicendum</span> 
     </span>
     <span class='ocr_line' id='line_1_14' title="bbox 55 1565 907 1647; baseline 0.004 -21"><span class='ocrx_word' id='word_1_86' title='bbox 55 1565 177 1627; x_wconf 92' lang='lat' dir='ltr'>omnino</span> <span class='ocrx_word' id='word_1_87' title='bbox 194 1581 251 1644; x_wconf 87' lang='lat' dir='ltr'>est,</span> <span class='ocrx_word' id='word_1_88' title='bbox 273 1569 345 1647; x_wconf 90' lang='lat' dir='ltr'>quid</span> <span class='ocrx_word' id='word_1_89' title='bbox 364 1569 401 1627; x_wconf 90' lang='lat' dir='ltr'>sit</span> <span class='ocrx_word' id='word_1_90' title='bbox 421 1567 564 1647; x_wconf 89' lang='lat' dir='ltr'>optimum</span> <span class='ocrx_word' id='word_1_91' title='bbox 581 1566 613 1625; x_wconf 91' lang='lat' dir='ltr'>in</span> <span class='ocrx_word' id='word_1_92' title='bbox 628 1567 761 1645; x_wconf 83' lang='lat' dir='ltr'>singulis,</span> <span class='ocrx_word' id='word_1_93' title='bbox 781 1571 832 1629; x_wconf 88' lang='lat' dir='ltr'>sed</span> <span class='ocrx_word' id='word_1_94' title='bbox 852 1570 907 1629; x_wconf 84' lang='lat' dir='ltr'>att-</span> 
     </span>
     <span class='ocr_line' id='line_1_15' title="bbox 55 1661 907 1739; baseline 0.002 -21"><span class='ocrx_word' id='word_1_95' title='bbox 55 1673 167 1739; x_wconf 91' lang='lat' dir='ltr'>quanto</span> <span class='ocrx_word' id='word_1_96' title='bbox 179 1664 261 1720; x_wconf 79' lang='lat' dir='ltr'>secus</span> <span class='ocrx_word' id='word_1_97' title='bbox 276 1674 363 1739; x_wconf 89' lang='lat' dir='ltr'>atque</span> <span class='ocrx_word' id='word_1_98' title='bbox 376 1661 407 1719; x_wconf 90' lang='lat' dir='ltr'>in</span> <span class='ocrx_word' id='word_1_99' title='bbox 421 1662 561 1719; x_wconf 75' lang='lat' dir='ltr'>tradenda</span> <span class='ocrx_word' id='word_1_100' title='bbox 575 1673 637 1719; x_wconf 86' lang='lat' dir='ltr'>arte</span> <span class='ocrx_word' id='word_1_101' title='bbox 651 1661 710 1720; x_wconf 88' lang='lat' dir='ltr'>dici</span> <span class='ocrx_word' id='word_1_102' title='bbox 723 1661 805 1720; x_wconf 87' lang='lat' dir='ltr'>solet.</span> <span class='ocrx_word' id='word_1_103' title='bbox 822 1663 907 1722; x_wconf 87' lang='lat' dir='ltr'>Nulla</span> 
     </span>
    </p>
   </div>
   <div class='ocr_carea' id='block_1_5' title="bbox 17 1754 936 2674">
    <p class='ocr_par' dir='ltr' id='par_1_5' title="bbox 55 1754 907 2022">
     <span class='ocr_line' id='line_1_16' title="bbox 56 1754 906 1836; baseline 0.001 -23"><span class='ocrx_word' id='word_1_104' title='bbox 56 1767 201 1834; x_wconf 79' lang='lat' dir='ltr'>praecepta</span> <span class='ocrx_word' id='word_1_105' title='bbox 214 1775 357 1834; x_wconf 82' lang='lat' dir='ltr'>ponemus</span> <span class='ocrx_word' id='word_1_106' title='bbox 376 1754 483 1835; x_wconf 93' lang='lat' dir='ltr'>(neque</span> <span class='ocrx_word' id='word_1_107' title='bbox 498 1755 575 1814; x_wconf 90' lang='lat' dir='ltr'>enim</span> <span class='ocrx_word' id='word_1_108' title='bbox 588 1755 619 1813; x_wconf 95' lang='lat' dir='ltr'>id</span> <span class='ocrx_word' id='word_1_109' title='bbox 639 1755 840 1836; x_wconf 88' lang='lat' dir='ltr'>suscepimus),</span> <span class='ocrx_word' id='word_1_110' title='bbox 857 1757 906 1814; x_wconf 93' lang='lat' dir='ltr'>sed</span> 
     </span>
     <span class='ocr_line' id='line_1_17' title="bbox 56 1846 907 1927; baseline 0 -21"><span class='ocrx_word' id='word_1_111' title='bbox 56 1847 223 1906; x_wconf 83' lang='lat' dir='ltr'>excellentis</span> <span class='ocrx_word' id='word_1_112' title='bbox 239 1846 411 1926; x_wconf 84' lang='lat' dir='ltr'>eloquentiae</span> <span class='ocrx_word' id='word_1_113' title='bbox 428 1846 555 1927; x_wconf 86' lang='lat' dir='ltr'>speciem</span> <span class='ocrx_word' id='word_1_114' title='bbox 571 1859 601 1906; x_wconf 89' lang='lat' dir='ltr'>et</span> <span class='ocrx_word' id='word_1_115' title='bbox 614 1847 737 1906; x_wconf 81' lang='lat' dir='ltr'>sormam</span> <span class='ocrx_word' id='word_1_116' title='bbox 751 1846 907 1906; x_wconf 84' lang='lat' dir='ltr'>adumbra-</span> 
     </span>
     <span class='ocr_line' id='line_1_18' title="bbox 55 1938 904 2022; baseline 0.004 -23"><span class='ocrx_word' id='word_1_117' title='bbox 55 1938 167 2015; x_wconf 84' lang='lat' dir='ltr'>bimus3</span> <span class='ocrx_word' id='word_1_118' title='bbox 190 1960 255 2012; x_wconf 92' lang='lat' dir='ltr'>nec,</span> <span class='ocrx_word' id='word_1_119' title='bbox 275 1940 381 2020; x_wconf 91' lang='lat' dir='ltr'>quibus</span> <span class='ocrx_word' id='word_1_120' title='bbox 401 1941 487 2000; x_wconf 90' lang='lat' dir='ltr'>rebus</span> <span class='ocrx_word' id='word_1_121' title='bbox 509 1961 542 2000; x_wconf 88' lang='lat' dir='ltr'>ea</span> <span class='ocrx_word' id='word_1_122' title='bbox 562 1955 691 2021; x_wconf 87' lang='lat' dir='ltr'>paretur,</span> <span class='ocrx_word' id='word_1_123' title='bbox 714 1963 904 2022; x_wconf 83' lang='lat' dir='ltr'>exponemus,</span> 
     </span>
    </p>

    <p class='ocr_par' dir='ltr' id='par_1_6' title="bbox 17 2033 936 2674">
     <span class='ocr_line' id='line_1_19' title="bbox 17 2033 903 2116; baseline 0.002 -23"><span class='ocrx_word' id='word_1_124' title='bbox 17 2101 21 2107; x_wconf 42' lang='grc'><em>,</em></span> <span class='ocrx_word' id='word_1_125' title='bbox 56 2033 208 2113; x_wconf 84' lang='lat' dir='ltr'>sedqualis</span> <span class='ocrx_word' id='word_1_126' title='bbox 217 2034 301 2093; x_wconf 90' lang='lat' dir='ltr'>nobis</span> <span class='ocrx_word' id='word_1_127' title='bbox 311 2055 373 2093; x_wconf 89' lang='lat' dir='ltr'>esse</span> <span class='ocrx_word' id='word_1_128' title='bbox 383 2036 526 2095; x_wconf 86' lang='lat' dir='ltr'>videatur.</span> <span class='ocrx_word' id='word_1_129' title='bbox 538 2040 580 2094; x_wconf 89' lang='lat' dir='ltr'>Ac</span> <span class='ocrx_word' id='word_1_130' title='bbox 590 2037 649 2094; x_wconf 93' lang='lat' dir='ltr'>duo</span> <span class='ocrx_word' id='word_1_131' title='bbox 659 2033 787 2095; x_wconf 84' lang='lat' dir='ltr'>breviter</span> <span class='ocrx_word' id='word_1_132' title='bbox 796 2036 903 2116; x_wconf 80' lang='lat' dir='ltr'>prima3</span> 
     </span>
     <span class='ocr_line' id='line_1_20' title="bbox 55 2125 936 2205; baseline 0.003 -21"><span class='ocrx_word' id='word_1_133' title='bbox 55 2138 122 2185; x_wconf 82' lang='lat' dir='ltr'>sunt</span> <span class='ocrx_word' id='word_1_134' title='bbox 138 2125 216 2186; x_wconf 87' lang='lat' dir='ltr'>enim</span> <span class='ocrx_word' id='word_1_135' title='bbox 234 2147 294 2186; x_wconf 92' lang='lat' dir='ltr'>non</span> <span class='ocrx_word' id='word_1_136' title='bbox 314 2140 372 2187; x_wconf 89' lang='lat' dir='ltr'>tam</span> <span class='ocrx_word' id='word_1_137' title='bbox 394 2126 517 2205; x_wconf 86' lang='lat' dir='ltr'>insignia</span> <span class='ocrx_word' id='word_1_138' title='bbox 540 2128 577 2185; x_wconf 87' lang='lat' dir='ltr'>ad</span> <span class='ocrx_word' id='word_1_139' title='bbox 597 2126 753 2186; x_wconf 86' lang='lat' dir='ltr'>maximam</span> <span class='ocrx_word' id='word_1_140' title='bbox 772 2128 904 2204; x_wconf 86' lang='lat' dir='ltr'>laudem,</span> <span class='ocrx_word' id='word_1_141' title='bbox 934 2151 936 2156; x_wconf 93' lang='lat'>·</span> 
     </span>
     <span class='ocr_line' id='line_1_21' title="bbox 55 2220 905 2302; baseline 0.004 -24"><span class='ocrx_word' id='word_1_142' title='bbox 55 2221 143 2299; x_wconf 67' lang='lat' dir='ltr'>quim</span> <span class='ocrx_word' id='word_1_143' title='bbox 162 2221 324 2280; x_wconf 83' lang='lat' dir='ltr'>necessaria</span> <span class='ocrx_word' id='word_1_144' title='bbox 345 2233 374 2280; x_wconf 88' lang='lat' dir='ltr'>et</span> <span class='ocrx_word' id='word_1_145' title='bbox 399 2234 496 2279; x_wconf 87' lang='lat' dir='ltr'>tamen</span> <span class='ocrx_word' id='word_1_146' title='bbox 518 2241 584 2279; x_wconf 91' lang='lat' dir='ltr'>cum</span> <span class='ocrx_word' id='word_1_147' title='bbox 603 2220 700 2280; x_wconf 86' lang='lat' dir='ltr'>multis</span> <span class='ocrx_word' id='word_1_148' title='bbox 719 2242 801 2302; x_wconf 82' lang='lat' dir='ltr'>paene</span> <span class='ocrx_word' id='word_1_149' title='bbox 823 2241 905 2280; x_wconf 90' lang='lat' dir='ltr'>com-</span> 
     </span>
     <span class='ocr_line' id='line_1_22' title="bbox 56 2311 905 2395; baseline -0.001 -22"><span class='ocrx_word' id='word_1_150' title='bbox 56 2311 165 2373; x_wconf 83' lang='lat' dir='ltr'>munia.</span> <span class='ocrx_word' id='word_1_151' title='bbox 174 2317 247 2372; x_wconf 86' lang='lat' dir='ltr'>Nam</span> <span class='ocrx_word' id='word_1_152' title='bbox 256 2325 285 2373; x_wconf 87' lang='lat' dir='ltr'>et</span> <span class='ocrx_word' id='word_1_153' title='bbox 292 2313 425 2374; x_wconf 86' lang='lat' dir='ltr'>invenire</span> <span class='ocrx_word' id='word_1_154' title='bbox 436 2325 465 2373; x_wconf 88' lang='lat' dir='ltr'>et</span> <span class='ocrx_word' id='word_1_155' title='bbox 471 2313 615 2388; x_wconf 80' lang='lat' dir='ltr'>judicare,</span> <span class='ocrx_word' id='word_1_156' title='bbox 623 2314 694 2392; x_wconf 89' lang='lat' dir='ltr'>quid</span> <span class='ocrx_word' id='word_1_157' title='bbox 701 2314 790 2389; x_wconf 83' lang='lat' dir='ltr'>dicas,</span> <span class='ocrx_word' id='word_1_158' title='bbox 800 2335 905 2395; x_wconf 82' lang='lat' dir='ltr'>magna</span> 
     </span>
     <span class='ocr_line' id='line_1_23' title="bbox 55 2404 902 2490; baseline 0.006 -26"><span class='ocrx_word' id='word_1_159' title='bbox 55 2404 105 2467; x_wconf 84' lang='lat' dir='ltr'>illa</span> <span class='ocrx_word' id='word_1_160' title='bbox 114 2408 233 2486; x_wconf 87' lang='lat' dir='ltr'>quidem</span> <span class='ocrx_word' id='word_1_161' title='bbox 246 2421 356 2468; x_wconf 87' lang='lat' dir='ltr'>suntet</span> <span class='ocrx_word' id='word_1_162' title='bbox 369 2421 506 2486; x_wconf 83' lang='lat' dir='ltr'>tanquam</span> <span class='ocrx_word' id='word_1_163' title='bbox 519 2407 608 2467; x_wconf 88' lang='lat' dir='ltr'>animi</span> <span class='ocrx_word' id='word_1_164' title='bbox 620 2407 711 2468; x_wconf 88' lang='lat' dir='ltr'>instar</span> <span class='ocrx_word' id='word_1_165' title='bbox 723 2409 754 2467; x_wconf 94' lang='lat' dir='ltr'>in</span> <span class='ocrx_word' id='word_1_166' title='bbox 768 2430 902 2490; x_wconf 87' lang='lat' dir='ltr'>corpore,</span> 
     </span>
     <span class='ocr_line' id='line_1_24' title="bbox 56 2501 904 2583; baseline 0.005 -25"><span class='ocrx_word' id='word_1_167' title='bbox 56 2501 105 2559; x_wconf 90' lang='lat' dir='ltr'>sed</span> <span class='ocrx_word' id='word_1_168' title='bbox 115 2501 237 2582; x_wconf 82' lang='lat' dir='ltr'>propria</span> <span class='ocrx_word' id='word_1_169' title='bbox 250 2501 342 2581; x_wconf 84' lang='lat' dir='ltr'>magis</span> <span class='ocrx_word' id='word_1_170' title='bbox 354 2501 527 2583; x_wconf 83' lang='lat' dir='ltr'>prudentiae,</span> <span class='ocrx_word' id='word_1_171' title='bbox 540 2506 629 2582; x_wconf 72' lang='lat' dir='ltr'>quim</span> <span class='ocrx_word' id='word_1_172' title='bbox 641 2503 832 2581; x_wconf 88' lang='lat' dir='ltr'>eloquentiae:</span> <span class='ocrx_word' id='word_1_173' title='bbox 847 2510 904 2582; x_wconf 68' lang='lat' dir='ltr'>quit</span> 
     </span>
     <span class='ocr_line' id='line_1_25' title="bbox 55 2594 904 2674; baseline 0.005 -22"><span class='ocrx_word' id='word_1_174' title='bbox 55 2594 193 2654; x_wconf 86' lang='lat' dir='ltr'>tamenin</span> <span class='ocrx_word' id='word_1_175' title='bbox 206 2601 294 2655; x_wconf 75' lang='lat' dir='ltr'>causd</span> <span class='ocrx_word' id='word_1_176' title='bbox 306 2608 349 2655; x_wconf 87' lang='lat' dir='ltr'>ost</span> <span class='ocrx_word' id='word_1_177' title='bbox 364 2617 456 2656; x_wconf 83' lang='lat' dir='ltr'>vacua</span> <span class='ocrx_word' id='word_1_178' title='bbox 470 2596 625 2674; x_wconf 88' lang='lat' dir='ltr'>prudentia</span> <span class='ocrx_word' id='word_1_179' title='bbox 637 2597 667 2655; x_wconf 76' lang='lat'>¹?</span> <span class='ocrx_word' id='word_1_180' title='bbox 680 2597 803 2656; x_wconf 84' lang='lat' dir='ltr'>Noverit</span> <span class='ocrx_word' id='word_1_181' title='bbox 816 2596 904 2674; x_wconf 83' lang='lat' dir='ltr'>igitur</span> 
     </span>
    </p>
   </div>
   <div class='ocr_carea' id='block_1_6' title="bbox 48 2801 952 3182">
    <p class='ocr_par' dir='ltr' id='par_1_7' title="bbox 55 2801 903 2928">
     <span class='ocr_line' id='line_1_26' title="bbox 56 2801 903 2865; baseline 0.007 -18"><span class='ocrx_word' id='word_1_182' title='bbox 56 2804 121 2848; x_wconf 84' lang='lat' dir='ltr'>dese</span> <span class='ocrx_word' id='word_1_183' title='bbox 133 2801 191 2848; x_wconf 82' lang='lat' dir='ltr'>taire</span> <span class='ocrx_word' id='word_1_184' title='bbox 204 2811 228 2849; x_wconf 87' lang='lat' dir='ltr'>et</span> <span class='ocrx_word' id='word_1_185' title='bbox 245 2803 273 2850; x_wconf 81' lang='lat' dir='ltr'>de</span> <span class='ocrx_word' id='word_1_186' title='bbox 286 2803 362 2850; x_wconf 81' lang='lat' dir='ltr'>luisset</span> <span class='ocrx_word' id='word_1_187' title='bbox 376 2805 450 2864; x_wconf 86' lang='lat' dir='ltr'>parler</span> <span class='ocrx_word' id='word_1_188' title='bbox 505 2804 561 2865; x_wconf 78' lang='lat' dir='ltr'>suit,</span> <span class='ocrx_word' id='word_1_189' title='bbox 576 2815 599 2851; x_wconf 85' lang='lat' dir='ltr'>et</span> <span class='ocrx_word' id='word_1_190' title='bbox 613 2820 718 2852; x_wconf 84' lang='lat' dir='ltr'>ramener</span> <span class='ocrx_word' id='word_1_191' title='bbox 730 2805 871 2864; x_wconf 88' lang='lat' dir='ltr'>l’e&#39;loqnence</span> <span class='ocrx_word' id='word_1_192' title='bbox 890 2805 903 2852; x_wconf 77' lang='grc' dir='ltr'>ἰ</span> 
     </span>
     <span class='ocr_line' id='line_1_27' title="bbox 55 2864 763 2928; baseline 0.007 -18"><span class='ocrx_word' id='word_1_193' title='bbox 55 2864 95 2910; x_wconf 82' lang='lat' dir='ltr'>des</span> <span class='ocrx_word' id='word_1_194' title='bbox 104 2864 219 2911; x_wconf 79' lang='lat' dir='ltr'>barbares.</span> <span class='ocrx_word' id='word_1_195' title='bbox 234 2882 249 2908; x_wconf 80' lang='lat' dir='ltr'><strong>n</strong></span> <span class='ocrx_word' id='word_1_196' title='bbox 262 2867 294 2912; x_wconf 90' lang='lat' dir='ltr'>Ce</span> <span class='ocrx_word' id='word_1_197' title='bbox 307 2867 347 2928; x_wconf 86' lang='lat' dir='ltr'>qui</span> <span class='ocrx_word' id='word_1_198' title='bbox 357 2876 390 2911; x_wconf 91' lang='lat' dir='ltr'>est</span> <span class='ocrx_word' id='word_1_199' title='bbox 403 2883 451 2912; x_wconf 88' lang='lat' dir='ltr'>cer·</span> <span class='ocrx_word' id='word_1_200' title='bbox 504 2883 548 2913; x_wconf 84' lang='lat' dir='ltr'>unc</span> <span class='ocrx_word' id='word_1_201' title='bbox 559 2868 678 2928; x_wconf 82' lang='lat' dir='ltr'>simplicite&#39;</span> <span class='ocrx_word' id='word_1_202' title='bbox 691 2868 763 2916; x_wconf 84' lang='lat' dir='ltr'>virile.</span> 
     </span>
    </p>

    <p class='ocr_par' dir='ltr' id='par_1_8' title="bbox 48 2925 952 3182">
     <span class='ocr_line' id='line_1_28' title="bbox 56 2925 903 2992; baseline 0.005 -21"><span class='ocrx_word' id='word_1_203' title='bbox 56 2925 116 2985; x_wconf 77' lang='lat' dir='ltr'>tuin,</span> <span class='ocrx_word' id='word_1_204' title='bbox 137 2927 193 2973; x_wconf 74' lang='lat' dir='ltr'>c’eet</span> <span class='ocrx_word' id='word_1_205' title='bbox 210 2928 280 2989; x_wconf 79' lang='lat' dir='ltr'>qu&#39;en</span> <span class='ocrx_word' id='word_1_206' title='bbox 305 2928 405 2974; x_wconf 79' lang='lat' dir='ltr'>e&#39;crivant</span> <span class='ocrx_word' id='word_1_207' title='bbox 427 2945 451 2974; x_wconf 84' lang='lat' dir='ltr'>sa</span> <span class='ocrx_word' id='word_1_208' title='bbox 537 2936 559 2975; x_wconf 82' lang='lat' dir='ltr'>t.</span> <span class='ocrx_word' id='word_1_209' title='bbox 572 2930 712 2988; x_wconf 78' lang='lat' dir='ltr'>Qudtomen</span> <span class='ocrx_word' id='word_1_210' title='bbox 715 2964 792 2980; x_wconf 85' lang='lat'><strong>........</strong></span> <span class='ocrx_word' id='word_1_211' title='bbox 800 2930 903 2992; x_wconf 75' lang='lat' dir='ltr'>pruden-</span> 
     </span>
     <span class='ocr_line' id='line_1_29' title="bbox 56 2987 915 3051; baseline -0.002 -17"><span class='ocrx_word' id='word_1_212' title='bbox 56 2987 225 3051; x_wconf 66' lang='lat' dir='ltr'>Rhetorique,il</span> <span class='ocrx_word' id='word_1_213' title='bbox 234 2991 314 3036; x_wconf 82' lang='lat' dir='ltr'>voulut</span> <span class='ocrx_word' id='word_1_214' title='bbox 325 3000 392 3036; x_wconf 82' lang='lat' dir='ltr'>avant</span> <span class='ocrx_word' id='word_1_215' title='bbox 401 3000 452 3036; x_wconf 88' lang='lat' dir='ltr'>tout</span> <span class='ocrx_word' id='word_1_216' title='bbox 505 2993 548 3039; x_wconf 84' lang='lat' dir='ltr'>tia.</span> <span class='ocrx_word' id='word_1_217' title='bbox 573 2995 606 3038; x_wconf 83' lang='lat' dir='ltr'>Le</span> <span class='ocrx_word' id='word_1_218' title='bbox 627 3001 692 3038; x_wconf 75' lang='lat' dir='ltr'>texte</span> <span class='ocrx_word' id='word_1_219' title='bbox 710 2994 742 3037; x_wconf 77' lang='lat' dir='ltr'>de</span> <span class='ocrx_word' id='word_1_220' title='bbox 767 3009 796 3037; x_wconf 80' lang='lat' dir='ltr'>uo</span> <span class='ocrx_word' id='word_1_221' title='bbox 811 3007 915 3049; x_wconf 42' lang='lat' dir='ltr'>passam</span> 
     </span>
     <span class='ocr_line' id='line_1_30' title="bbox 56 3048 935 3102; baseline -0.007 -2"><span class='ocrx_word' id='word_1_222' title='bbox 56 3048 196 3100; x_wconf 59' lang='lat' dir='ltr'>tii-*unumst</span> <span class='ocrx_word' id='word_1_223' title='bbox 222 3051 275 3097; x_wconf 73' lang='lat' dir='ltr'>rm</span> <span class='ocrx_word' id='word_1_224' title='bbox 294 3053 396 3102; x_wconf 84' lang='lat' dir='ltr'>oratoire</span> <span class='ocrx_word' id='word_1_225' title='bbox 424 3055 454 3102; x_wconf 87' lang='lat' dir='ltr'>dc</span> <span class='ocrx_word' id='word_1_226' title='bbox 509 3055 599 3102; x_wconf 67' lang='lat' dir='ltr'>seminia</span> <span class='ocrx_word' id='word_1_227' title='bbox 622 3054 696 3102; x_wconf 63' lang='lat' dir='ltr'>ait&#39;erh</span> <span class='ocrx_word' id='word_1_228' title='bbox 718 3071 728 3099; x_wconf 84' lang='lat'>·.</span> <span class='ocrx_word' id='word_1_229' title='bbox 753 3052 820 3097; x_wconf 61' lang='lat' dir='ltr'>ausit</span> <span class='ocrx_word' id='word_1_230' title='bbox 839 3057 935 3091; x_wconf 61' lang='lat' dir='ltr'>u-z-ou</span> 
     </span>
     <span class='ocr_line' id='line_1_31' title="bbox 48 3111 952 3182; baseline -0.001 -28"><span class='ocrx_word' id='word_1_231' title='bbox 48 3118 84 3154; x_wconf 78' lang='lat' dir='ltr'>oet</span> <span class='ocrx_word' id='word_1_232' title='bbox 93 3111 264 3174; x_wconf 73' lang='lat' dir='ltr'>eriseignemeut</span> <span class='ocrx_word' id='word_1_233' title='bbox 274 3116 316 3177; x_wconf 90' lang='lat' dir='ltr'>qni</span> <span class='ocrx_word' id='word_1_234' title='bbox 332 3117 355 3165; x_wconf 86' lang='lat' dir='ltr'>le</span> <span class='ocrx_word' id='word_1_235' title='bbox 369 3118 457 3166; x_wconf 80' lang='lat' dir='ltr'>rubuis-</span> <span class='ocrx_word' id='word_1_236' title='bbox 516 3116 626 3182; x_wconf 69' lang='lat' dir='ltr'>proposit</span> <span class='ocrx_word' id='word_1_237' title='bbox 637 3119 671 3164; x_wconf 73' lang='lat' dir='ltr'>de</span> <span class='ocrx_word' id='word_1_238' title='bbox 680 3115 845 3162; x_wconf 63' lang='lat' dir='ltr'>nemmem</span> <span class='ocrx_word' id='word_1_239' title='bbox 854 3116 952 3150; x_wconf 56' lang='lat' dir='ltr'>now</span> 
     </span>
    </p>
   </div>
   <div class='ocr_carea' id='block_1_7' title="bbox 862 3218 880 3246">
    <p class='ocr_par' dir='ltr' id='par_1_9' title="bbox 862 3218 880 3246">
     <span class='ocr_line' id='line_1_32' title="bbox 862 3218 880 3246; baseline 0 0"><span class='ocrx_word' id='word_1_240' title='bbox 862 3218 880 3246; x_wconf 51' lang='grc' dir='ltr'>Ἦ</span> 
     </span>
    </p>
   </div>
   <div class='ocr_carea' id='block_1_8' title="bbox 0 0 1041 3524">
    <p class='ocr_par' dir='ltr' id='par_1_10' title="bbox 0 0 1041 3524">
     <span class='ocr_line' id='line_1_33' title="bbox 0 0 1041 3524; baseline 0 0"><span class='ocrx_word' id='word_1_241' title='bbox 0 0 1041 3524; x_wconf 95' lang='lat' dir='ltr'> </span> 
     </span>
    </p>
   </div>
  </div>
 </body>
</html>
