2070 3524
94 235 135 274 ¹02
448 230 579 276 ORATOR.

92 344 238 422 «abegit,
258 370 273 398 n
306 358 335 404 et
358 371 373 399 α
389 345 494 403 abstuli
514 389 523 418 ,
545 371 556 399 ι
579 357 611 402 ut
632 341 694 423 jam
715 341 843 413 nescias,
863 340 921 401 abne

90 456 191 496 verum
217 437 271 511 sit,
302 458 339 496 an
364 436 427 496 abs.
456 437 553 512 Quid,
583 436 609 496 si
637 437 726 495 etiam
752 463 767 491 ι
794 435 919 513 abfugit»

90 543 174 611 turpe
197 531 291 589 visum
310 544 368 605 est,
389 543 418 589 et
443 557 457 584 α
480 530 562 589 abfer
579 555 592 582 n
613 530 783 599 noluerunt,
798 555 812 582 α
828 529 919 587 auler-

91 624 270 683 maluerunt?
285 643 349 701 quae
365 623 541 702 praepositio,
563 633 669 702 praeter
683 622 746 681 haec
762 623 823 680 duo
838 619 921 691 rerba,

90 716 170 775 nullo
193 716 251 775 alio
275 716 306 774 iu
333 715 423 775 verbo
448 716 603 794 reperitur.
630 740 644 769 α
667 715 736 774 Noti
762 741 777 767 n
808 726 884 774 erant
902 726 924 773 et

93 836 107 863 α
123 809 193 868 navi
208 835 222 863 >2
240 823 269 870 et
288 837 302 863 α
318 811 397 885 nari,
420 834 434 862 a
455 809 560 887 quibus
578 829 704 888 quum«
723 807 756 866 iu
779 835 794 862 ι
812 807 924 889 prepoui
951 870 956 875 ,

90 916 253 984 oporteret,
274 904 385 962 dulcius
400 903 494 962 visum
512 915 556 962 est
575 901 709 980 «ignoti,
728 926 742 954 n
763 927 777 954 α
792 899 922 981 ignari»

94 1025 107 1052 <c
126 997 248 1075 ignari»
270 998 377 1068 dicere,
397 998 485 1076 quim
501 1009 534 1054 ut
549 996 655 1054 veritas
672 993 846 1073 postulabat.
865 1020 878 1047 ι
891 997 926 1051 Ex
970 992 973 1003 “

90 1111 143 1148 usu
157 1116 171 1143 »
186 1090 284 1149 dicunt
298 1103 326 1148 et
343 1117 357 1143 ιι
372 1090 558 1169 erepublicd,
573 1115 587 1141 a
599 1085 679 1167 quod
691 1088 721 1146 iu
733 1087 826 1146 altero
835 1085 927 1145 vocalis

83 1180 263 1262 {excipiebat
273 1183 304 1240 iu
318 1183 409 1241 altero
424 1195 499 1242 esset
512 1181 662 1260 asperitas,
675 1178 732 1239 nisi
742 1180 867 1240 litteram
879 1199 928 1239 sus·

92 1275 222 1335 tulisses:
237 1289 279 1350 ut,
298 1302 310 1327 «
326 1276 432 1353 exegit,
451 1302 464 1329 >2
484 1302 498 1329 α
514 1274 616 1349 edixit,
629 1299 643 1326 >2
662 1298 677 1327 ιι
696 1273 810 1346 refecit,
825 1300 839 1328 a
856 1300 870 1327 «
884 1292 928 1332 ex·

92 1369 172 1442 tulit,
187 1396 201 1422 n
231 1369 349 1429 aedidit
365 1392 372 1430 z
391 1395 405 1422 ³>
426 1369 554 1450 adjuncti
570 1366 651 1428 verbi
672 1367 797 1447 primam
819 1367 929 1427 litteram

92 1463 256 1543 praepositio
277 1464 484 1538 commutavit,
506 1474 539 1521 ut
560 1488 574 1516 α
591 1459 720 1540 suffugit,
739 1487 753 1514 s
779 1487 794 1517 e
811 1480 930 1521 summu·

92 1557 176 1629 tavit,
191 1584 205 1610 a
225 1584 240 1611 ι
254 1558 378 1618 sustulit.
392 1583 406 1609 a

133 1651 209 1724 Quid
219 1651 250 1708 iu
261 1651 357 1710 verbis
365 1649 490 1730 junctis?
502 1651 589 1728 quim
602 1649 671 1708 scite
685 1675 699 1702 α
714 1646 930 1729 insipientem»

92 1763 150 1800 non
167 1767 179 1797 α
191 1744 399 1822 insapientem?
414 1769 427 1795 a
446 1769 459 1796 α
471 1741 616 1820 iniquum,
630 1767 643 1794 a
655 1760 715 1800 uon
727 1767 741 1794 α
753 1742 932 1820 inaquam?-

95 1834 296 1914 «tricipitem,
319 1860 333 1888 a
352 1856 412 1894 non
432 1861 447 1888 ι
464 1834 646 1914 tricapitemi
669 1859 684 1888 s
709 1860 723 1888 κ
742 1835 900 1908 concisum,
918 1856 931 1885 a

91 1949 151 1987 non
174 1955 188 1981 α
208 1933 387 1988 coucaesum?
405 1955 419 1982 ³>
445 1934 488 1987 Ex
509 1948 570 2007 quo
588 1928 705 2007 quidam
730 1953 742 1983 r
764 1929 933 2007 pertisum»

92 2023 178 2080 etiam
193 2023 308 2092 volunt,
326 2024 403 2100 quod
420 2023 520 2080 eadem
533 2020 711 2080 consuetudo
723 2041 784 2079 non
796 2019 934 2100 probavit.

93 2113 170 2190 Quid
186 2115 256 2174 verd
273 2116 330 2174 hoc
349 2116 522 2194 elegantius,
537 2117 619 2195 quod
630 2136 690 2174 non
706 2115 739 2172 fit
758 2119 873 2188 nature,
892 2113 937 2173 scd

92 2208 219 2286 quodam
238 2207 390 2269 instituto?
406 2237 420 2263 e
436 2209 551 2268 inclitus
573 2234 587 2262 a
608 2208 729 2267 dicimus
748 2207 832 2266 brevi
850 2207 939 2288 priml

92 2300 199 2376 litterl,
216 2301 361 2362 «insanus
377 2329 391 2357 >2
408 2304 571 2383 producte,
596 2328 609 2354 α
628 2301 832 2360 inhumanus»
849 2300 938 2372 brevi,

95 2393 228 2453 «infelix
246 2420 260 2448 n
277 2395 375 2474 longl.
394 2400 442 2470 Et,
463 2415 501 2454 ne
519 2394 649 2465 multis¹‚
670 2393 776 2471 quibus
795 2395 827 2453 in
848 2393 940 2454 verbis

93 2507 133 2545 eae
148 2488 251 2565 prime
264 2487 368 2546 litterae
382 2499 463 2562 sunt,
488 2507 552 2565 quae
573 2485 605 2545 in
628 2512 642 2539 α
665 2485 795 2566 sapiente
818 2511 832 2541 a
859 2499 941 2566 atque

95 2604 110 2631 ι
130 2577 225 2651 felice,
243 2603 257 2630 »
274 2580 414 2658 producte
428 2580 547 2654 dicitur;
566 2579 597 2638 iu
614 2578 717 2639 ceteris
729 2580 866 2640 omnibus
881 2580 943 2639 bre-

92 2673 178 2733 viter.
194 2675 324 2750 itemque
343 2673 546 2752 «composuit,
564 2698 578 2725 »
598 2698 611 2727 α
628 2672 790 2748 consuevit,
811 2699 825 2728 a>
843 2701 858 2729 c
873 2678 942 2732 cou-

92 2765 216 2845 crepuit,
232 2792 246 2819 n
265 2792 279 2820 e
294 2765 418 2825 confecit
433 2788 440 2825 :
457 2792 470 2819 n
483 2766 600 2825 consule
614 2767 777 2840 veritatem,
787 2768 943 2847 reprehen-

92 2859 141 2916 det
158 2860 257 2918 :refer
273 2859 420 2936 adaures,
437 2858 615 2939 probabunt.
633 2864 752 2934 Quaere,
774 2865 844 2920 curi
858 2860 898 2920 ita
915 2879 944 2919 se

93 2948 191 3010 dicent
206 2952 313 3026 jurari.
332 2952 478 3032 Voluptati
502 2967 598 3013 autem
622 2953 734 3013 aurium
759 2951 943 3032 morigerari²

127 3129 150 3169 l.
196 3124 230 3171 Ne
259 3122 347 3168 multis.
381 3123 494 3170 Locution
547 3126 619 3172 meme
632 3138 662 3173 :‹<
673 3124 736 3182 Quid
744 3123 822 3170 multis
831 3123 944 3169 moreris

95 3185 199 3253 abreget.
211 3188 250 3235 un
261 3187 409 3234 sous-entend
420 3187 493 3233 verbis
549 3187 699 3250 (Andr-ianne,
713 3189 733 3246 l,
749 3202 766 3245 1,
781 3187 830 3248 87.)

91 3262 141 3297 mn
149 3266 286 3317 persequar.
303 3249 405 3300 Tdrenoe
418 3248 455 3298 dit
466 3251 495 3297 tle
582 3257 608 3294 ⁸2.
623 3249 781 3309 Morigeruri,
794 3248 852 3290 daus
862 3249 890 3290 le
901 3260 952 3290 seue
