2070 3524
421 189 556 236 unsrun.
881 201 910 242 rs
990 160 993 171 ¹

10 306 16 353 '-
56 304 87 362 in
109 303 193 362 omni
210 323 318 381 genere
336 304 469 375 dicendi,
489 318 586 364 tumen
604 326 664 365 non
682 327 796 387 semper
810 308 911 390 implet

10 402 17 453 '.
56 416 145 455 aures
157 416 237 455 meas
249 420 256 454 ι
268 397 309 456 ita
321 411 388 456 sunt
400 399 490 457 avidae
500 412 529 457 et
542 419 674 479 capaces,
689 414 717 461 et
731 422 845 481 semper
858 403 910 463 alt·

56 489 131 568 quid
144 489 319 550 immensum
333 490 534 570 infinitumque
546 493 723 553 desiderant.

99 585 158 645 Sed
168 596 277 657 mmen,
289 584 427 662 quoniam
440 597 469 643 et
478 585 556 643 hunc
568 598 599 644 tu
611 599 757 645 oratorem
770 608 834 646 cum
849 590 909 662 ejus

58 675 269 735 studiosissimo
279 681 434 737 Pammene
443 679 464 751 ¹,
478 698 568 755 quum
580 699 655 738 esses
674 680 806 756 Athenis,
817 693 909 740 totum

57 769 276 846 diligentissime
287 771 457 848 cognovisti,
473 791 567 848 neque
581 791 648 830 euru
662 772 780 831 dimittis
792 793 807 830 e
820 773 909 832 mani·

57 862 126 936 bus,
146 874 285 922 ettamen
307 876 405 922 nostra
426 862 513 922 etiam
533 864 655 937 lectitas,
676 865 756 924 vides
776 865 909 946 profecto

57 953 142 1015 illum
153 956 243 1014 multa
253 958 405 1037 perficere,
418 977 471 1016 nos
483 957 574 1017 multa
585 958 702 1032 conari3
716 957 797 1016 illum
810 980 907 1039 posse,

58 1067 114 1105 nos
130 1046 215 1122 velle,
232 1069 416 1127 quocumque
435 1051 523 1108 modo
540 1070 625 1108 causa
643 1051 781 1130 postulet,
797 1050 907 1114 dicere.

57 1141 117 1200 Sed
133 1140 182 1200 ille
203 1161 337 1220 magnus,
359 1155 473 1201 namet
496 1142 631 1201 successit
651 1144 713 1223 ipse
729 1145 856 1222 magnis,
880 1161 909 1206 et

15 1220 19 1229 ’
56 1234 200 1293 maximos
211 1247 341 1294 oratores
353 1236 456 1294 habuit
465 1238 599 1315 aequales.
609 1240 668 1296 Nos
678 1256 814 1314 magnum
826 1237 908 1296 lecis-

56 1349 165 1404 semus,
192 1330 216 1388 si
241 1329 357 1407 quidem
381 1331 586 1411 potuissemus,
611 1328 669 1409 qud
694 1332 906 1406 contendimus,

56 1421 226 1503 pervenire,
245 1423 276 1481 in
292 1428 327 1481 ea
345 1424 430 1496 urbe,
446 1424 476 1482 in
493 1427 561 1503 qui,
581 1437 614 1483 ut
629 1422 671 1482 ait
686 1424 841 1495 Antonius,
856 1446 909 1483 au-

56 1514 136 1575 ditus
150 1516 290 1594 eloquens
305 1537 391 1577 nemo
409 1529 482 1577 eret.
502 1516 591 1594 Atqui
605 1516 628 1575 si
645 1516 772 1576 Antonio
791 1520 907 1577 Crassus

56 1609 196 1687 eloquens
222 1609 300 1668 visus
327 1631 386 1669 non
409 1622 463 1684 est,
490 1623 541 1669 aut
568 1609 623 1668 sibi
652 1608 726 1690 ipse,
756 1630 908 1688 nunquam

55 1705 140 1763 Cotta
159 1701 237 1761 visus
262 1714 354 1777 esset,
374 1723 523 1781 nunquam
544 1701 732 1783 Sulpicius',
759 1724 907 1783 nunquam

88 1909 111 1948 t.
140 1904 271 1950 Pammene.
284 1903 386 1949 Rheteur
401 1918 454 1965 grec

54 1966 114 2011 dent
124 1967 208 2013 Brutus
226 1963 295 2009 suivit
311 1965 344 2011 les
352 1964 454 2028 leqonsd

55 2027 163 2074 Atheneo.
187 2026 282 2073 ciceron
297 2041 326 2072 en
347 2027 410 2086 parle
425 2043 454 2072 uu

55 2088 148 2137 dernier
168 2088 271 2149 elrapitre
293 2090 324 2134 du
349 2092 453 2134 Brutus.-

56 2170 70 2195 α
81 2153 143 2199 Nam
154 2151 212 2212 quid
232 2160 254 2197 te
272 2152 372 2197 exercuit
390 2155 455 2197 Parn-

55 2230 70 2258 α
80 2228 167 2269 menes,
180 2212 217 2258 vir
232 2212 454 2276 longeeloquentis-

15 2278 19 2285 “
56 2274 151 2321 «timus
162 2274 298 2322 Graettlaei'»

86 2344 110 2383 2.
127 2337 236 2394 Antoine,
255 2339 356 2393 Crassus,
377 2339 453 2394 Cotta,

55 2398 183 2462 Sulpicius,
203 2407 255 2445 sont
276 2400 308 2446 les
325 2407 405 2459 quatre
419 2398 455 2444 in-

55 2461 206 2509 terlocursurs
216 2476 261 2521 que
267 2461 364 2508 Ciciron
373 2470 455 2508 meten

55 2523 453 2571 sotnsdmsletraitedet'orarear.

55 2588 96 2633 Les
117 2586 178 2633 deux
200 2583 314 2649 derniers‚
336 2586 455 2646 beaucoup

55 2647 456 2769 tristissimus

55 2773 131 2831 Cotta,
148 2771 228 2818 consul
242 2787 271 2818 en
287 2779 325 2831 75,
342 2771 377 2817 lut
387 2745 456 2817 banni

56 2850 98 2894 par
128 2832 216 2881 Marius
248 2841 272 2880 et
295 2833 388 2894 rappeld
413 2850 456 2895 par

56 2896 131 2957 sylla,
144 2894 266 2957 Sulpicius,
283 2896 400 2959 longueux
414 2911 457 2942 en-

56 2957 117 3004 nemi
129 2958 158 3004 de
170 2957 238 3018 Sylla,
253 2957 281 3002 fit
297 2958 408 3017 portsrla
424 2958 456 3003 loi

56 3019 98 3082 qni
113 3019 209 3067 conlisit
226 3019 240 3066 ὲ
255 3019 377 3066 Mariusle
400 3036 457 3066 oon-

56 3082 121 3129 duits
136 3083 166 3129 de
182 3083 204 3127 la
219 3097 300 3146 guerre
314 3090 394 3129 contre
408 3082 456 3129 Mi-

57 3144 179 3191 tlnidats:
199 3144 259 3203 Sylla
283 3144 411 3206 reinqueur
436 3145 457 3192 le

508 1902 522 1948 i
543 1904 565 1948 la
586 1903 679 1950 tribune
706 1920 750 1948 aux
772 1903 905 1966 hurangues.

508 1964 604 2012 Ciceron
619 1967 675 2011 dans
687 1965 708 2011 le
723 1967 805 2011 Brutus
820 1980 908 2025 oppose

508 2028 556 2072 l'un
565 2028 712 2074 itl'uutreees
721 2029 780 2073 deux
790 2036 904 2073 orateurs:

509 2107 523 2131 «
535 2090 667 2136 Inveniebat
677 2090 741 2136 acute
756 2091 831 2148 Cotta,
844 2089 907 2135 dice-

509 2170 522 2193 «
536 2152 646 2212 batpurd
661 2152 780 2211 acsolute3
793 2161 825 2209 et,
838 2161 863 2197 ut
877 2151 906 2196 ad

509 2212 687 2258 «infirmitatem
726 2214 822 2258 laterum
850 2229 906 2273 per-

509 2294 522 2317 «
534 2275 806 2321 scientercontentionem
816 2290 906 2320 omnem

509 2355 523 2380 α
536 2337 659 2394 remiserat,
678 2336 711 2382 sic
724 2337 754 2382 ad
768 2336 851 2381 virium
862 2335 906 2381 im·

509 2417 522 2442 α
532 2399 676 2446 becillitutem
682 2398 773 2445 dicendi
780 2415 907 2445 accommo-

510 2480 523 2504 «
535 2462 604 2507 dabat
618 2476 709 2525 agenus.
729 2461 792 2509 Nihil
814 2470 863 2508 erat
881 2461 906 2506 in

510 2525 585 2584 «ejus
602 2524 705 2569 oratione
726 2523 770 2569 nisi
785 2523 906 2578 sincerum,

510 2604 523 2628 ι(
535 2586 641 2631 nihilnisi
652 2585 735 2632 siccum
745 2594 905 2646 atquesanum;

510 2648 638 2708 «illudque
664 2649 800 2704 maximum,
829 2647 904 2707 quod,

510 2725 606 2770 «quum
627 2709 775 2756 contentione
796 2708 908 2755 orationis

510 2791 523 2815 «
534 2772 624 2819 flectere
642 2772 730 2818 animos
748 2771 852 2831 judicum
868 2771 908 2819 vix

511 2845 620 2896 «posset,
644 2850 687 2881 nce
703 2835 797 2880 omnino
821 2849 849 2880 eo
865 2848 906 2897 ge-

511 2912 592 2943 «nere
614 2897 707 2955 diceret,
734 2897 854 2942 tractando
875 2905 908 2941 tu·

511 2978 524 3001 «
536 2975 588 3004 men
605 2958 744 3020 impellebat,
761 2968 787 3004 nt
800 2959 861 3004 idem
872 2957 907 3003 la·

512 3040 525 3063 «
536 3031 614 3068 serent
626 3037 640 3067 a
651 3037 675 3067 se
690 3019 807 3078 commoti,
820 3020 884 3081 quod
894 3036 908 3064 a

512 3082 639 3143 «Sulpicio
654 3083 770 3130 concitati.
784 3082 837 3128 Fuit
846 3080 908 3127 enirn

512 3145 655 3207 «Sulpicius
678 3146 719 3192 ’rel
743 3143 847 3190 mimine
865 3156 921 3184 oxo-

54 3205 187 3267 Prvlflt'vll,
195 3214 220 3252 oi
228 3220 251 3254 stt
258 3206 303 3255 tete
311 3206 346 3254 fut
354 3207 460 3257 sttachto
516 3229 531 3256 u
544 3208 623 3271 nium,
640 3224 705 3272 quos
722 3206 826 3269 quidem
836 3199 941 3245 auus-se·

846 3298 870 3344 b
