2070 3524
88 260 116 299 to
443 253 579 305 onnon.

87 374 198 431 tracta¹
217 384 246 431 et
261 370 392 429 minuta²
406 389 465 429 non
485 362 665 447 negligenter
686 368 837 427 tractanda
853 382 934 444 sunt;

86 469 136 525 sed
150 466 282 543 quaedam
295 464 382 522 etiam
393 461 569 542 negligentia
591 473 635 520 est
655 460 791 539 diligens.
813 465 888 521 Nam
906 476 936 521 ut

86 559 221 618 mulieres
240 578 301 617 esse
319 557 456 615 dicuntur
475 554 619 614 nonnullae
639 555 795 629 inornatae,
817 576 891 634 quas
909 558 935 615 id

86 652 181 732 ipsum
194 652 311 723 deceat3
324 649 365 708 sic
379 650 440 708 haee
456 648 568 707 subtilis
581 650 674 707 oratio
688 647 777 708 etiam
790 649 936 731 incompta

85 745 219 807 delectat.
230 743 276 802 Fit
285 742 362 801 enim
376 741 515 821 quiddam
525 741 556 799 in
565 755 700 819 utroque,
711 761 771 818 quo
786 741 824 800 sit
835 760 936 801 venus-

86 837 153 909 tius,
175 837 227 895 sed
245 855 305 895 non
323 848 354 892 ut
372 845 522 914 appareat.
540 837 614 891 Tum
631 832 832 892 removebitur
847 835 936 893 omnis

86 928 206 1008 insignis
224 941 343 987 ornatus
364 927 446 1006 quasi
465 924 703 1002 margaritarum
724 946 762 985 ne
781 926 936 987 calamistri

87 1024 205 1101 quidem
217 1021 440 1081 adhibebuntur.
453 1018 553 1079 Fucati
564 1017 635 1078 verb
649 1019 862 1081 medicamenta
875 1040 937 1081 can·

87 1117 167 1175 doris
184 1129 212 1174 et
230 1115 345 1174 ruboris
359 1114 456 1173 omnia
471 1112 666 1192 repellentur;
686 1113 833 1191 elegantia
854 1113 938 1175 modi

88 1222 118 1269 et
128 1207 268 1268 munditia
283 1207 453 1268 remanebit.
469 1209 570 1266 Sermo
584 1227 675 1287 purus
690 1209 745 1266 erit
759 1221 788 1266 et
799 1208 936 1283 Latinum

87 1300 213 1361 dilucide
226 1300 371 1382 planeque
388 1300 516 1374 dicetur3
538 1301 609 1378 quid
628 1303 740 1373 deceat,
762 1301 938 1383 circumspi-

88 1396 192 1455 cietur.

127 1492 225 1548 Unum
234 1489 338 1561 aderit,
349 1489 428 1567 quod
437 1499 573 1566 quartum
583 1498 717 1546 numerat
725 1487 939 1568 Theophrastus

88 1583 119 1641 in
127 1583 265 1642 orationis
275 1582 417 1655 laudibus,
427 1593 561 1640 ornatum
571 1579 654 1653 illud,
663 1600 751 1640 suave
762 1595 792 1640 et
801 1581 937 1642 affluens:

90 1690 180 1735 acutae
192 1676 359 1754 crebraeque
375 1677 521 1735 sententiae
535 1687 691 1754 ponentur,
707 1688 736 1734 et
748 1677 851 1736 nescio
866 1678 940 1737 uude

89 1785 126 1825 ex
141 1765 239 1824 abdito
255 1780 353 1838 erutae,
368 1777 455 1841 atque
464 1765 495 1822 in
506 1765 561 1824 hoc
573 1779 688 1825 oratore
701 1764 939 1828 dominabuntur.

89 1859 275 1917 Verecundus
296 1858 351 1916 erit
372 1877 441 1915 usus
462 1858 595 1916 oratoriae
617 1858 700 1935 quasi
721 1859 909 1938 supellectilis
917 1858 938 1918 ⁸.

91 1951 228 2032 supellex
248 1965 291 2013 est
310 1953 387 2012 enim
404 1954 617 2029 quodammodo
632 1966 741 2026 nostra,
764 1974 829 2031 quae
851 1952 941 2015 estin

90 2045 285 2116 ornamentis,
311 2044 367 2104 alia
392 2064 507 2118 rerum,
537 2044 594 2104 alia
617 2046 788 2122 uerborum.
817 2050 941 2107 Ornatus

91 2151 187 2198 autem
196 2137 352 2197 uerborum
362 2138 473 2218 duplex
487 2160 495 2199 z
509 2159 584 2197 unus
598 2138 783 2218 simplicium,
798 2141 873 2200 alter
884 2139 930 2201 eol

90 2337 195 2399 periode.
217 2356 230 2381 (ι
243 2337 367 2385 circuitum
388 2348 411 2384 et
427 2337 492 2399 quasi

92 2419 104 2443 ι
121 2402 200 2445 orbem
212 2401 335 2446 verborum
347 2399 466 2446 conlieere.
476 2417 489 2442 a

92 2461 138 2521 (Da
149 2462 272 2521 tomum,
284 2463 329 2519 111,
340 2461 383 2522 nr.)
393 2487 424 2496 -
432 2464 492 2507 Cou-

91 2522 493 2585 glutinatio‚l'assemblagedesmots

90 2601 133 2693 pqr
142 2601 249 2693 gqouplqs,
257 2596 279 2630 et
290 2586 338 2631 leur
348 2593 493 2648 ageueemeut

120 2663 147 2693 ns
168 2665 181 2693 a
228 2662 285 2694 rare.

123 2718 146 2758 t.
167 2664 301 2768 eoitraua,
319 2707 399 2756 settle.
418 2709 494 2755 «Am-

92 2791 104 2814 α
121 2772 183 2818 bitus
195 2772 319 2819 verborum
332 2780 461 2817 contractus
472 2781 494 2817 et

93 2854 104 2875 n
115 2832 199 2880 brevis.
207 2852 220 2877 »
229 2834 415 2895 (Brutuqxurv.)
424 2833 495 2889 Quiu-

91 2896 155 2942 tilien
178 2911 266 2958 oppone
289 2910 314 2942 ω
328 2905 377 2941 mot
395 2895 494 2957 lasura:

93 2958 172 3002 «Vox
186 2968 210 3003 et
229 2967 345 3004 eontracta
360 2966 383 3003 et
400 2957 457 3018 lusa,
473 2967 496 3004 et

93 3039 107 3063 u
118 3019 176 3065 dura
183 3029 206 3066 et
212 3018 328 3077 flexibilis,
334 3028 357 3065 rt
362 3020 420 3066 clara
428 3020 496 3066 etolu

93 3102 107 3127 u
117 3092 174 3131 tun.
191 3101 205 3126 u
221 3082 290 3144 (Inst.
301 3084 378 3144 Orat„
390 3085 433 3143 XI,
446 3082 492 3145 m.)

125 3153 148 3192 2.
166 3146 272 3202 Minuta,
300 3146 387 3206 canpe,
413 3146 493 3194 huehd.

94 3211 200 3256 «Genus
225 3206 335 3255 sermonis
355 3207 423 3254 affert
446 3224 495 3255 uon

549 2355 562 2380 α
576 2336 700 2398 profluens,
712 2336 752 2384 sed
765 2338 833 2402 exile,
847 2338 942 2399 andum,

548 2419 562 2442 (ι
577 2399 691 2447 concisum
704 2416 732 2445 ae
741 2400 889 2447 minutum.»
901 2403 946 2463 (Do

548 2462 672 2521 t’oraeeur,
686 2463 720 2518 ΙΙ,
732 2464 850 2527 mum.)

579 2529 602 2569 ³.
614 2525 726 2570 Oratorioe
746 2527 815 2586 quasi
830 2523 944 2589 supellec·

547 2587 606 2634 tilis.
612 2585 736 2650 supellex,
744 2604 773 2633 au
786 2603 885 2650 propre,
896 2596 947 2633 tout

546 2664 572 2695 ne
590 2664 635 2710 que
656 2648 769 2695 renlerme
787 2666 832 2697 una
845 2649 946 2709 maisou,

547 2726 576 2757 en
589 2712 674 2757 dehors
691 2712 720 2756 de
734 2712 844 2775 Purgent,
859 2713 888 2759 do
905 2713 949 2758 l'or

547 2782 571 2819 et
588 2773 628 2819 des
650 2775 783 2820 vetements.
802 2775 900 2823 eiotron
915 2773 950 2820 dit

547 2835 654 2882 ailleurs:
671 2854 684 2878 «
699 2835 790 2883 Amicos
803 2852 894 2897 parare,
908 2852 949 2897 op-

550 2915 563 2940 «
577 2897 655 2943 timum
666 2908 690 2944 et
700 2899 878 2960 pulcherrimam
888 2898 948 2957 vita,

550 2979 563 3003 u
577 2969 603 3006 ut
616 2960 648 3006 ita
662 2961 745 3020 dicam,
754 2976 780 3006 eu
797 2961 925 3008 ellectilem.
936 2979 949 3003 u

552 3023 597 3083 (De
609 3021 724 3080 t’Amitie,
735 2978 904 3086 xv.l86nique
917 3022 951 3068 dit

549 3083 670 3130 aursidans
681 3100 726 3131 une
736 3086 803 3132 lettre
815 3085 949 3133 lauritius:

551 3165 564 3189 ι
578 3145 625 3203 Qui
644 3156 765 3207 occupatus
782 3145 855 3194 estin
872 3162 951 3208 super·

551 3206 644 3253 trucul
685 3208 811 3257 litterarum
841 3209 950 3271 supellee-

86 3270 243 3335 clt'qur'dnur,
273 3287 323 3320 uon
353 3270 443 3337 fusum,
470 3286 500 3319 ae
554 3268 659 3316 «tile-u
808 3292 812 3299 ·
