2070 3524
439 196 571 248 ORATOR.
897 206 927 247 et

75 329 156 370 mare
176 307 392 385 fluctuantibm,
414 310 494 370 littus
519 312 632 384 ejectis?
657 317 701 371 lta
719 313 831 386 vivunt,
856 317 928 375 dum

75 417 210 484 possunt,
225 416 259 462 ut
273 404 377 463 ducere
391 404 518 464 animam
532 408 568 465 de
580 407 653 465 coelo
666 428 726 466 non
745 421 868 487 queant3
885 409 928 469 ita

75 497 254 569 moriuntur,
274 509 425 557 uteorum
441 519 506 558 ossa
525 511 633 559 terram
655 521 714 560 non
734 513 867 580 tangant3
887 502 927 563 ita

74 592 225 671 jactantur
237 588 381 662 fluctibus,
399 604 432 650 ut
445 613 595 670 nunquam
611 594 781 669 alluantur3
808 597 848 655 ita
862 617 927 675 pos·
990 600 993 608 “

76 682 171 745 tremh
187 681 353 766 ejiciuntur,
368 697 402 744 ut
416 706 452 743 ne
466 688 504 744 ad
517 707 587 745 saxa
603 689 720 765 quidem
734 689 842 747 mortui
859 710 928 748 con-

75 777 239 857 quiescant,
251 804 265 832 »
278 792 306 838 et
319 798 382 857 quae
393 790 564 857 sequuntur.
575 783 647 840 Sunt
657 781 733 839 enim
745 782 842 840 omnia
854 782 928 842 sicut

76 871 279 946 adolescentis,
295 892 353 930 non
367 884 426 930 tam
440 892 472 930 re
489 885 518 931 et
536 874 711 951 maturitate,
727 878 813 952 quem
832 895 883 955 spe
899 890 928 935 et
951 947 953 950 ι

77 966 292 1046 exspectatione
304 964 423 1026 laudati.
437 963 483 1024 Ab
493 965 549 1024 hac
558 966 656 1026 indole
662 966 722 1040 jam
732 965 782 1026 illa
791 981 905 1041 mature
917 992 924 1030 t

80 1087 93 1113 ι
107 1063 191 1119 Uxor
203 1058 334 1137 generi¹‚
346 1078 471 1117 noverca
482 1057 545 1132 filii,
555 1056 622 1117 filiae
633 1060 740 1140 pellex.
757 1086 770 1114 n
784 1063 845 1120 Nec
856 1059 927 1120 vero

74 1152 125 1212 hic
139 1172 214 1211 unns
233 1164 296 1211 erat
309 1153 395 1210 ardor
416 1153 447 1210 in
468 1151 563 1226 nobis,
585 1165 618 1212 ut
640 1154 696 1213 hoc
720 1155 807 1213 modo
829 1153 927 1213 omnia

71 1245 248 1306 diceremus.
263 1250 330 1325 Ipsa
341 1243 418 1302 enim
428 1242 477 1301 illa
488 1264 543 1323 pro
552 1243 660 1303 Roscio
671 1245 806 1318 juvenilis
819 1249 926 1306 redun-

73 1338 174 1398 dantia
188 1339 278 1396 multa
297 1336 384 1396 habet
399 1347 564 1411 attenuata,
585 1339 718 1415 quedam
735 1339 821 1397 etiam
838 1337 926 1419 pauli)

74 1429 216 1490 hilariora
234 1454 241 1490 ι
257 1441 291 1489 ut
300 1450 355 1510 pro
367 1429 462 1503 Avito,
478 1449 533 1510 pro
546 1429 691 1502 Cornelio,
707 1432 927 1510 compluresque

23 1552 30 1559 ·
74 1524 148 1587 aliae.
162 1529 255 1583 Nemo
268 1523 344 1582 enim
358 1534 456 1582 orator
469 1522 634 1581 tam'mnlta
648 1543 685 1581 ne
700 1522 731 1581 in
746 1525 847 1583 Graeco
863 1525 918 1602 qui·

74 1620 142 1677 dem
157 1616 240 1677 οῐίο2
260 1616 389 1697 scripsit,
409 1617 497 1695 quim
511 1616 600 1675 multa
619 1626 687 1675 sunt
700 1629 798 1675 nostra
804 1639 814 1691 ;
832 1637 925 1696 eaque

72 1711 150 1771 hanc
162 1711 254 1793 ipsam
268 1711 386 1789 habent,
402 1731 489 1788 quam
503 1710 606 1790 probo,
622 1711 801 1772 varietatem.

113 1811 161 1865 An
175 1824 230 1882 ego
240 1807 381 1876 Homero,
399 1804 502 1879 Ennio,
514 1804 631 1882 reliquis
645 1803 739 1884 poetis
755 1817 785 1864 et
798 1805 923 1866 maxime

72 1978 110 2024 fin
144 1977 272 2023 contained
299 1978 328 2025 de
357 1977 472 2037 parricide

73 2038 129 2086 &tuit
139 2055 210 2086 consu
220 2040 314 2085 dansun
322 2054 359 2084 sac
369 2039 398 2084 de
409 2039 470 2100 cuir;

73 2118 106 2148 on
123 2100 244 2148 cnsermnit
258 2118 312 2148 avec
327 2100 359 2146 lui
377 2117 422 2148 une
437 2102 472 2146 vi-

73 2164 142 2226 pere,
154 2180 188 2209 un
197 2163 278 2223 chien,
291 2179 323 2209 un
334 2163 399 2225 tinge
410 2173 472 2209 etun

72 2242 132 2287 coq;
147 2226 170 2272 le
185 2240 231 2283 sac,
251 2225 332 2272 enduit
341 2227 370 2271 de
381 2225 437 2284 poix
451 2236 474 2272 et

73 2290 104 2335 de
126 2288 226 2347 bitume,
245 2287 300 2334 etait
310 2287 356 2347 jete
378 2288 434 2333 dans
452 2288 473 2334 le

73 2350 145 2398 Tilue
160 2366 191 2397 ou
206 2351 263 2396 dans
277 2350 299 2394 ln
317 2365 374 2397 mer.
395 2349 473 2395 Publi-

73 2411 122 2459 eius
137 2412 267 2473 Malleolus,
284 2412 377 2457 assassin
399 2412 428 2458 de
450 2428 474 2458 sa

73 2475 148 2539 mere,
159 2474 220 2521 subit
231 2475 253 2520 le
262 2473 363 2535 premier
379 2489 405 2519 ce
417 2488 472 2536 sup-

73 2536 143 2598 plice,
156 2536 202 2583 l‘nn
212 2538 242 2583 de
252 2538 324 2582 Rome
340 2541 394 2581 652.

27 2624 34 2629 ·
107 2606 130 2646 4.
146 2601 210 2646 Uxor
221 2598 308 2660 generi,
321 2607 376 2655 etc.,
387 2607 431 2644 etc.
442 2597 473 2643 Ge

72 2660 129 2708 trait
138 2671 173 2707 est
183 2660 303 2721 cmprnnte
313 2659 326 2704 fa
336 2660 358 2703 la
370 2658 473 2720 peremi-

73 2740 118 2770 son
132 2724 166 2768 du
196 2722 300 2783 laidoyer
315 2738 375 2783 pour
390 2721 473 2767 Cluen-

73 2784 168 2833 tiusci
207 2801 237 2830 on
253 2784 330 2830 s’lcrie
344 2800 374 2830 en
385 2783 475 2844 parlant

74 2849 105 2895 dc
115 2847 197 2904 Sassia,
210 2846 251 2908 qui
260 2846 321 2892 avait
330 2846 415 2905 epousei
426 2846 473 2891 Au·

73 2911 123 2957 rint
141 2909 252 2969 melinus,
271 2908 328 2954 meri
343 2909 372 2953 de
389 2924 413 2952 sa
429 2907 474 2953 fille

74 2986 158 3020 encore
175 2971 279 3031 vivente,
294 2980 317 3016 et
335 2968 475 3030 poursuivait

74 3050 118 3082 con
128 3034 165 3080 fils
179 3049 266 3081 comme
281 3031 471 3093 empoisonneur:

75 3116 90 3143 α
101 3099 177 3169 Atque
187 3095 255 3143 etiam
268 3094 361 3141 nomina
375 3093 473 3139 necessi-

75 3179 90 3203 «
102 3160 224 3219 tudinum,
239 3173 287 3203 non
300 3157 374 3202 solinu
387 3166 474 3203 naturoe

527 1995 540 2020 α
552 1976 639 2040 generi,
648 1976 861 2036 novercalilii,liliae
872 1979 923 2037 pel-

527 2058 540 2082 «
551 2040 589 2085 lex
600 2058 607 2097 ;
619 2041 647 2086 eh
655 2041 702 2099 jam
712 2038 812 2100 denique
827 2038 924 2086 adducto

528 2120 541 2144 n
552 2111 594 2160 est,
607 2111 632 2147 ut
648 2101 706 2161 sihi,
719 2112 802 2161 praeter
813 2101 922 2162 formam,

527 2162 609 2208 «nihil
623 2164 653 2208 ad
663 2162 834 2210 similitudinem
848 2164 925 2210 homi·
947 2209 951 2218 ,

527 2244 540 2267 «
552 2224 721 2270 nisreservtn't.
729 2224 867 2271 »illantlire
874 2236 925 2272 tout

525 2303 551 2332 ce
562 2302 655 2349 passage
668 2286 725 2331 dans
740 2287 814 2346 lequel
828 2287 925 2333 Ciceron

525 2359 617 2395 raconte
630 2350 652 2396 le
665 2347 758 2395 divorce
770 2350 799 2394 dc
811 2349 923 2410 Cluentia,

526 2420 548 2456 et
560 2411 593 2457 les
604 2427 672 2458 noces
685 2410 820 2457 criminclles
830 2413 860 2457 de
876 2415 925 2458 Sas-

526 2473 572 2533 sia3
591 2474 732 2534 l’eloquence
748 2490 777 2520 ne
798 2484 854 2535 pent
874 2475 925 2521 rien

526 2535 642 2596 pretenter
653 2537 682 2581 de
697 2537 748 2595 plus
758 2536 847 2584 acheve.
859 2537 924 2584 Cice·

526 2614 570 2642 ron
581 2614 594 2642 a
606 2597 682 2644 raison
694 2598 723 2642 de
734 2596 785 2643 dire
798 2597 855 2659 qu’il
865 2599 925 2645 nvait

526 2659 607 2705 ntteint
617 2676 641 2705 sa
650 2658 763 2706 maturite.

559 2729 581 2768 2.
594 2724 627 2767 lte
641 2723 665 2766 in
680 2724 756 2767 Graeco
767 2721 857 2782 quidem
868 2723 922 2772 otio.

527 2783 624 2830 eiceron
631 2783 714 2830 semble
721 2783 799 2829 entier
805 2801 849 2829 nux
854 2786 925 2832 Grec·

527 2847 567 2891 des
575 2845 649 2891 loisirs
658 2845 699 2906 qui
708 2847 757 2892 leur
767 2848 926 2906 permettuient

526 2907 663 2955 ‹l’atteindre
684 2908 697 2953 ἐι
719 2919 777 2954 cette
798 2909 926 2970 perlection

526 2970 555 3015 de
572 2969 645 3016 forme
665 2986 710 3030 que
724 2986 782 3017 nous
799 2971 923 3018 admirons.

526 3033 642 3077 Peut-etre
662 3032 741 3078 doit-il
761 3049 790 3079 nn
812 3033 925 3080 contraire

526 3109 568 3138 oux
587 3093 705 3156 exigences
722 3096 751 3140 de
770 3094 792 3139 la
807 3095 843 3140 vie
863 3094 927 3152 poli-

526 3155 607 3220 tique,
619 3156 949 3219 ethl'ugimhonhesxemps

73 3236 181 3267 unomen
191 3229 215 3267 et
219 3220 274 3280 jura
287 3218 401 3269 mutavit:
416 3237 478 3269 uxor
532 3221 596 3284 qu’il
615 3231 741 3279 traverso,
757 3230 812 3262 une
830 3215 969 3269 dudm*
