2062 3510
117 292 145 332 ⁴6
476 290 609 336 ORATOR.

117 416 145 462 et
151 402 302 482 judicabit,
316 403 387 482 quid
398 403 501 482 cuique
511 424 584 483 opos
599 405 646 476 sit,
658 417 687 463 et
695 404 814 484 poterit,
825 425 964 484 quocum·

116 518 173 575 que
186 500 273 556 modo
288 496 444 577 postulabit
457 519 555 571 causa,
572 498 750 559 diceresed
768 510 813 557 est
829 498 965 578 eloquen-

116 591 185 662 riae,
212 591 286 649 sicut
314 591 490 669 reliquarum
519 612 642 667 rerum,
669 593 892 652 fundamentum
919 614 965 654 sa-

117 683 256 764 pientia¹.
272 689 313 744 Ut
334 684 411 744 enim
429 684 460 744 in
479 686 554 757 vite,
577 685 666 744 sicin
684 685 816 745 oratione
834 688 908 746 nihil
928 703 967 748 est

116 777 272 856 difficilius,
289 780 377 858 quim
395 779 468 858 quid
490 780 589 839 deceat
609 778 728 840 videre:
749 781 850 857 πρέπον
865 783 964 862 appel-

115 870 176 929 lant
186 871 242 930 hoc
255 872 363 946 Graeci3
379 893 432 932 nos
451 871 580 931 dicamus
597 873 665 932 sane
683 874 836 934 decorum.
849 879 895 934 De
911 895 966 954 quo

114 965 253 1043 ‘praeclare
265 979 294 1025 et
309 965 399 1024 multa
411 965 629 1046 praecipiuntur,
643 984 672 1024 et
688 987 734 1026 res
749 978 791 1024 est
805 965 966 1045 cognitione

115 1058 292 1136 dignissima.
315 1059 408 1132 Hujus
437 1058 618 1136 ignoratione
639 1079 699 1117 non
725 1060 814 1118 modo
839 1059 870 1119 in
889 1060 965 1135 vite,

114 1153 165 1211 sed
183 1151 339 1231 saepissime
358 1164 388 1210 et
404 1151 435 1210 in
452 1151 614 1232 poematis²
638 1165 668 1211 et
685 1151 715 1210 in
740 1151 874 1212 oratione
898 1174 965 1232 pee-

113 1257 207 1305 catur.

156 1344 203 1397 Est
217 1351 329 1412 autem,
344 1339 416 1418 quid
435 1341 549 1412 deceat,
564 1341 673 1398 oratori
690 1339 847 1399 videndum
861 1360 923 1401 non
936 1339 965 1400 in

113 1431 261 1492 sententiis
274 1432 385 1506 solirm,
398 1434 449 1491 sed
463 1433 550 1492 otiam
567 1430 598 1491 in
611 1431 718 1491 verbis.
733 1435 799 1491 Non
811 1433 892 1492 enim
905 1455 965 1494 om·

113 1526 157 1586 nis
174 1528 306 1602 fortuna,
331 1547 391 1586 non
413 1527 506 1586 omnis
529 1528 639 1598 honos,
666 1547 724 1584 non
747 1527 841 1585 omnis
864 1541 964 1587 aueto-

112 1619 211 1694 τίως’,
224 1641 283 1678 non
295 1620 387 1678 omnis
397 1632 477 1690 aetas,
489 1640 543 1677 nec
557 1616 626 1677 veri)
637 1619 717 1676 locus
728 1631 778 1677 aut
792 1631 909 1699 tempus
920 1634 967 1680 aut

112 1713 226 1772 auditor
240 1713 349 1786 omnis,
365 1714 467 1772 eodem
480 1724 530 1770 aut
545 1711 700 1770 verborum
715 1732 821 1789 genere
834 1725 964 1775 tracten-

112 1806 166 1863 dus
181 1817 238 1880 est,
255 1818 304 1863 aut
317 1805 523 1863 sententiarum
536 1828 544 1878 ;
561 1823 733 1884 semperque
745 1804 775 1863 in
788 1805 869 1864 omni
883 1820 965 1887 parte

112 1898 266 1972 orationis,
281 1911 314 1957 ut
329 1899 409 1968 vitae,
425 1898 496 1976 quid
512 1900 627 1972 deceat,
641 1912 684 1956 est
699 1898 962 1962 considerandum:

111 1992 191 2069 quod
204 2004 233 2049 et
244 1990 275 2048 in
288 2010 332 2064 re,
346 1992 383 2049 de
401 1996 459 2069 quo
474 1989 579 2068 agitur,
593 1991 720 2070 positum
732 2003 789 2066 est,
803 2006 833 2051 et
846 1992 877 2051 in
891 2014 963 2074 per-

114 2083 191 2142 sonis
206 2097 235 2142 et
251 2103 370 2154 eorum,
390 2082 439 2160 qui
453 2083 566 2158 dicunt,
594 2096 622 2142 et
638 2104 750 2157 eorum,
766 2084 816 2163 qui
828 2086 962 2145 audiunt.

112 2181 214 2254 Itaque
225 2177 303 2235 hunc
316 2176 412 2235 locum
426 2175 512 2254 longe
526 2189 555 2236 et
567 2176 623 2235 late
637 2189 784 2256 patentem
798 2176 964 2258 philosophi

111 2270 205 2329 solent
226 2269 256 2329 in
279 2269 378 2330 officiis
397 2283 521 2329 tractare
541 2268 615 2352 (non
635 2290 725 2349 quum
741 2269 777 2328 de
800 2283 881 2329 recto
901 2273 964 2352 ipso

110 2363 270 2443 disputant,
296 2383 362 2423 narn
383 2364 412 2422 id
432 2363 550 2443 quidem
565 2383 656 2424 unum
670 2365 740 2444 est),
760 2363 965 2440 grammatici*

143 2508 165 2546 Ι.
187 2501 319 2561 Sapientia,
337 2501 359 2546 le
380 2502 448 2563 gont,
470 2501 511 2562 qui
595 2510 619 2548 2.
633 2502 825 2563 Poematis‚plus
842 2503 902 2551 usit&
919 2520 964 2566 que

109 2563 217 2623 appreeie
228 2563 250 2608 la
263 2562 383 2624 propriete
395 2573 418 2609 et
429 2564 509 2623 lajas·
561 2567 709 2626 poematibus.
729 2567 766 2611 On
787 2565 823 2610 dit
842 2566 872 2612 de
891 2568 964 2613 mdme

109 2634 167 2672 tesse
182 2627 221 2672 des
239 2635 330 2682 termes,
345 2641 439 2685 comme,
455 2626 511 2672 dans
563 2628 744 2690 epigramomtis,
761 2627 912 2678 eenblematis.

110 2704 142 2733 un
162 2697 226 2735 autre
249 2689 318 2735 ordre
337 2689 366 2735 de
385 2690 472 2747 choses,
493 2689 510 2734 il
595 2694 618 2735 ³.
631 2692 743 2746 Fortuna,
757 2691 779 2735 la
793 2690 964 2737 condition.-

110 2750 225 2813 distingue
255 2759 279 2797 et
305 2753 360 2815 juge
384 2750 405 2796 le
432 2765 511 2796 saveur
563 2755 646 2811 Honos,
663 2753 683 2798 le
699 2769 756 2815 reug
769 2751 887 2816 assigniri
905 2770 962 2801 ceux

110 2812 187 2858 bonne
214 2828 245 2857 ou
271 2813 382 2859 mauvaise
409 2813 448 2858 des
470 2813 510 2857 ali·
563 2813 767 2875 quiooeupentou
782 2815 963 2876 ontoeeupelu

110 2885 199 2920 ments:
218 2893 230 2916 «
246 2875 292 2930 Qui
306 2873 403 2920 maxime
417 2876 510 2935 prospi-
536 2882 538 2951 p
562 2877 616 2921 char
633 2893 656 2922 es
669 2878 962 2938 publiques.-Auorori·

111 2955 124 2978 α
138 2935 170 2981 cit
184 2935 240 2996 quid
254 2936 279 2980 in
293 2937 426 2998 utriquere
439 2937 510 2984 veris—
536 2954 538 3003 f
563 2893 756 2996 ras,i’influenoe.

111 3017 123 3040 o
138 2997 220 3044 simum
233 2997 271 3056 sit,
288 3000 374 3060 quique
384 3000 510 3046 acutissime
536 3006 538 3045 i
596 3009 619 3047 4.
649 3002 805 3046 Grarmnatiri.
833 3002 962 3060 Quintilien

111 3080 124 3103 ιι
138 3070 161 3107 et
177 3060 294 3107 celerrime
306 3071 382 3122 potest
397 3062 475 3109 videre
486 3073 510 3109 et
564 3079 623 3110 nous
636 3064 712 3109 donne
722 3064 743 3110 le
754 3080 805 3110 sens
818 3064 847 3110 de
860 3081 887 3111 ce
895 3075 960 3113 mot:

111 3140 123 3165 «
138 3123 253 3184 explicare
272 3124 396 3184 rationem,
411 3123 431 3171 is
448 3141 509 3185 pru-
566 3144 580 3169 α
593 3128 646 3172 Haee
667 3126 739 3199 igitur
753 3124 874 3186 professio,
890 3142 963 3188 quum

105 3202 120 3226 ι(
131 3185 278 3233 demissiores
292 3196 318 3235 et
329 3187 511 3250 sapientissimus
566 3207 580 3232 s
592 3187 727 3234 brerimme
737 3189 765 3232 'm
773 3189 830 3232 oues
838 3198 918 3246 pones
928 3189 964 3233 sii-

91 3260 107 3285 u
114 3246 168 3314 rite'
177 3249 264 3296 baberi
277 3252 348 3300 solet.
360 3271 375 3298 »
392 3255 450 3319 (Der
460 3255 510 3302 De·
571 3271 586 3296 u
598 3251 703 3310 viriumr,
711 3247 982 3314 reersioqueno'sseiep··

77 3309 182 3369 mrql,
203 3313 241 3377 Ἃ)
542 3336 546 3367 ι
577 3335 591 3359 rr
604 3314 676 3373 sum,
686 3322 713 3359 ei.
723 3318 853 3373 pomum
861 3312 992 3350 summo·
