2070 3524
87 216 117 256 62
446 210 580 259 ORATOR.

87 327 235 386 flammare
255 347 316 386 rem
340 327 443 407 eoepit,
466 327 562 386 furere
583 329 663 407 apud
685 345 785 399 sanos,
809 338 841 385 et
858 325 931 405 quusi

87 421 162 479 inter
176 420 285 479 sobrios
300 419 435 479 bacchari
446 420 608 480 vinolentus
620 418 744 479 videtur.
819 450 828 463 ι

88 656 225 707 L‘orateur
236 653 333 724 perluit
346 653 445 706 excelle
458 652 524 705 dens
538 671 580 706 ees
590 653 655 706 trois
668 652 776 724 gerres,
794 665 821 706 et
839 653 887 707 seit
900 655 930 707 les
963 678 968 721 j

123 735 255 804 melsnger
275 738 290 785 t
312 751 423 805 propos.
445 733 572 786 Parallele
597 732 631 786 de
658 733 838 789 Demosthene
858 732 930 787 etde

122 814 244 871 Cicerou.

126 979 206 1036 XVl.
228 979 370 1033 Tenemus
393 972 497 1051 igitur,
524 978 627 1057 Brute,
656 993 745 1051 quem
767 974 928 1055 quaerimus,

88 1071 138 1127 sed
151 1068 262 1141 animo,
279 1087 346 1125 nam
360 1087 448 1124 manu
463 1066 486 1124 si
500 1065 729 1145 prehendissem,
744 1086 782 1126 ne
798 1064 861 1146 ips‘e
876 1066 929 1149 qui·

87 1163 155 1218 dem
169 1164 221 1217 sut
236 1165 315 1218 tantt
329 1157 494 1237 eloquentia
506 1158 577 1217 mihi
590 1161 791 1239 persuasisset,
803 1174 836 1220 ut
849 1182 880 1221 se
891 1161 930 1220 di·
973 1232 976 1237 Ι

89 1252 243 1311 mitterem.
268 1253 324 1310 Sed
342 1250 474 1310 inventus
497 1249 628 1330 profecti>
649 1265 693 1310 est
711 1250 761 1312 ille
784 1253 929 1333 eloquens,

88 1366 175 1425 quem
195 1366 344 1425 nunquam
370 1345 440 1404 vidit
459 1346 611 1404 Antonius.
634 1344 704 1420 Quis
725 1358 769 1405 est
791 1346 879 1425 igitur
897 1347 931 1406 isl

88 1437 269 1519 Complector
291 1437 393 1511 brevi,
416 1438 556 1497 disseram
580 1437 722 1518 pluribus.
747 1444 775 1497 Is
796 1452 842 1499 est
865 1440 931 1501 enirn

89 1535 238 1612 eloquens,
251 1532 302 1612 qui
313 1546 341 1592 et
351 1533 472 1591 humilio
483 1531 636 1608 subtiliter,
647 1544 675 1590 et
684 1552 789 1611 magna
799 1532 931 1611 graviter,

90 1640 118 1686 et
130 1626 286 1686 mediocria
305 1627 462 1706 temperate
475 1638 569 1704 potest
582 1626 690 1685 dicere.

129 1724 221 1777 Nemo
236 1720 272 1793 is,
291 1719 415 1798 inquies,
431 1739 560 1796 unquam
583 1719 648 1778 suit.
670 1721 713 1777 Ne
729 1719 839 1779 luerit³
859 1744 866 1781 :
886 1740 934 1799 ego

90 1813 182 1885 enirn,
197 1811 267 1889 quid
284 1812 458 1884 desiderem,
478 1831 552 1887 non,
569 1812 639 1890 quid
655 1811 793 1887 viderim,
807 1814 934 1894 disput03

91 1908 234 1983 redeoque
257 1905 293 1962 ad
318 1904 396 1962 illam
420 1903 565 1976 Platonis,
591 1907 628 1963 de
651 1909 709 1983 qut
732 1904 877 1979 dixeram,
898 1904 936 1965 rei

90 2001 213 2058 formam
228 2010 257 2056 et
270 1996 407 2076 speciem,
421 2017 520 2074 quam,
535 1999 587 2056 etsi
600 2018 658 2055 non
673 1998 829 2072 cernimus,
846 2012 936 2058 tamen

90 2091 186 2150 animo
196 2102 294 2148 tenere
302 2110 463 2167 possumus.
476 2093 541 2147 Non
551 2088 627 2148 enim
638 2090 821 2168 eloquentem
831 2110 936 2170 quaero,

90 2203 185 2261 neque
193 2181 352 2262 quidquam
363 2182 484 2241 mortale
494 2195 522 2241 et
531 2183 684 2256 caducum,
694 2183 745 2240 sed
753 2183 825 2242 illud
833 2185 936 2265 ipsum,

91 2277 171 2351 eujus
193 2275 243 2355 qui
263 2277 299 2338 sit
317 2296 448 2356 compos,
473 2276 510 2334 sit
533 2277 685 2354 eloquens3
708 2279 787 2354 quod
808 2277 881 2337 nihil
900 2288 939 2336 est

92 2370 182 2442 aliud,
197 2371 250 2428 nisi
265 2369 430 2447 eloquentia
448 2369 522 2448 ipsa,
544 2388 632 2446 quam
649 2367 747 2440 nullis,
766 2369 823 2428 nisi
840 2371 939 2431 mentis

92 2464 184 2523 oculis
201 2465 302 2521 videre
319 2483 482 2543 possumus.
506 2467 534 2522 Is
550 2464 605 2522 erit
628 2463 717 2541 igitur
738 2465 880 2544 eloquens
899 2466 941 2547 (ut

92 2560 169 2619 idem
190 2558 262 2616 illud
282 2558 444 2638 iteremus),
469 2560 518 2636 qui
537 2561 644 2639 poterit
662 2580 753 2639 parva
776 2562 938 2633 summisse,

93 2653 206 2714 modica
218 2655 389 2735 temperate,
405 2672 507 2732 magna
521 2653 648 2732 graviter
660 2653 769 2714 dicere.
785 2658 858 2714 Tota
873 2655 940 2714 milri

93 2768 180 2807 causa
199 2767 254 2827 pro
268 2746 401 2806 Caecimt'
416 2747 452 2804 de
466 2747 561 2806 verbis
575 2746 721 2806 interdicti
736 2746 791 2807 fnit
811 2772 818 2809 ε
838 2770 886 2809 res
901 2750 943 2808 in-

127 2906 148 2946 t.
167 2900 200 2943 Ne
211 2898 299 2959 suerit,
315 2897 420 2956 jtadmets
434 2898 491 2959 qu’il
579 2905 601 2944 2.
619 2902 665 2946 Pro
685 2899 783 2945 Caecind.
804 2900 836 2947 Co
856 2900 942 2962 proces,

93 2960 150 3005 n’ait
161 2960 241 3018 jamnis
254 2960 333 3005 existe.
348 2978 361 3001 u
372 2962 405 3006 Ne
416 2976 492 3021 oequa-
546 2961 623 3022 plaide
639 2977 667 3007 en
684 2968 727 3007 683
746 2977 776 3006 ou
791 2967 848 3017 684,
863 2962 944 3008 roulait

96 3022 199 3068 «veritis
220 3022 324 3067 Annibali
346 3021 492 3085 Philippum,
546 3039 586 3068 sur
596 3039 641 3069 une
651 3025 757 3084 question
772 3024 802 3071 de
818 3024 889 3070 droit.
902 3024 944 3072 Cd-

96 3103 109 3127 «
120 3101 150 3131 ne
172 3084 394 3146 Carthaginiensibus
416 3089 492 3132 Mace·
546 3086 604 3144 eina,
621 3085 715 3132 bkritier
732 3087 760 3131 de
771 3102 795 3131 sn
812 3087 893 3134 femme
904 3086 944 3133 Cd-

95 3165 109 3190 «
121 3149 192 3194 donus
204 3164 211 3194 1
223 3148 313 3208 Pyrrho
323 3147 384 3194 certi
392 3149 493 3211 aequabi-
548 3148 633 3206 sennis,
645 3148 760 3194 reclamit
770 3147 784 3194 'a
795 3139 892 3196 libutius
902 3165 944 3195 une

99 3209 490 3274 stis.»('1'itoLive,XXXl,m.)
547 3220 608 3256 terre
630 3224 675 3270 que
700 3209 794 3256 celui-ol
817 3211 944 3271 prdtondsit
