2070 3524
82 98 89 107 ’
105 129 118 172 a
454 128 587 176 onauon.

96 243 201 301 statua¹
215 241 345 300 deterriti
354 241 460 319 reliqui
474 242 569 300 minus
579 243 691 320 experti
701 256 778 314 sunt,
794 241 865 320 quid
877 244 941 303 efli-

95 355 161 394 cere
174 347 222 393 aut
233 336 292 413 quo
303 335 440 413 progredi
460 348 579 414 possent
590 360 598 409 ;
614 356 738 413 quorum
750 349 828 394 tanta
842 336 940 394 multi-

95 429 165 487 tudo
186 427 257 498 luit,
277 439 355 486 tanta
377 427 406 485 in
427 447 480 485 suo
504 425 642 507 cujusque
669 448 774 506 genere
795 428 871 501 laus,
894 442 941 501 ut,

93 539 183 597 quum
203 539 313 578 summa
335 519 519 590 miraremur,
538 519 675 579 inferiora
695 533 790 579 tamen
804 521 943 601 probare-

94 632 168 670 mus.
186 616 220 669 In
235 611 397 670 oratoribus
411 613 492 683 verb,
511 614 616 672 Graecis
630 613 759 691 quidem,
776 613 943 674 admirabile

94 717 153 780 est,
169 708 309 783 quantum
329 705 405 764 inter
422 726 523 764 omnes
543 726 618 765 unus
639 706 771 766 excellat.
789 713 941 782 Attamen,

94 816 184 872 quum
203 810 278 856 esset
297 797 520 868 Demosthenes,
543 796 626 855 multi
648 809 778 856 oratores
798 797 895 874 magni
915 813 943 857 et

94 888 165 947 clari
177 890 304 960 suerunt,
315 901 343 947 et
357 903 441 948 antea
453 891 575 962 fuerant,
591 909 645 947 nec
656 901 757 969 postea
763 890 941 952 defecerunt.

94 986 190 1057 Quare
208 1002 267 1041 non
280 995 338 1056 est,
352 1003 533 1054 cursorum,
546 982 597 1059 qui
617 1003 647 1041 se
664 982 759 1041 studio
774 982 943 1061 eloquentiae

93 1075 283 1149 dediderunt,
307 1096 372 1154 spes
393 1075 578 1152 infringatur,
598 1089 648 1134 aut
670 1077 836 1153 languescat
851 1075 942 1141 indu·

93 1167 175 1226 stria.
194 1171 265 1227 Nam
285 1188 380 1245 neque
398 1167 471 1225 illud
487 1167 598 1247 ipsum,
620 1169 699 1246 quod
720 1179 763 1227 est
783 1169 940 1247 optimum,

92 1259 305 1339 desperandum
325 1273 384 1332 est3
402 1273 432 1320 et
453 1260 484 1319 in
501 1261 704 1340 praestantibus
730 1260 815 1320 rebus
839 1280 941 1339 magna

94 1363 161 1412 sunt
171 1371 220 1429 ea,
233 1373 298 1430 quae
312 1365 379 1411 suut
392 1352 509 1432 optimis
522 1352 667 1433 proxima.

94 1590 232 1644 D'ailleurs
261 1591 374 1644 Cicerou
402 1592 555 1643 s’attachera
581 1593 668 1643 moins
698 1596 712 1642 a
743 1591 942 1661 l'appre'oiation

129 1667 176 1721 des
187 1681 305 1722 orateurs
317 1669 364 1738 qui
379 1682 427 1721 ont
444 1668 535 1738 existe,
549 1670 610 1738 qu'a
625 1668 808 1737 l'intelligenee
819 1668 852 1719 de
864 1669 940 1720 l'e'lo-

129 1765 230 1818 quence
242 1767 276 1800 en
287 1748 446 1814 elle-mame,
460 1766 496 1800 au
505 1746 582 1818 point
596 1745 629 1798 de
639 1764 690 1798 rue
705 1745 738 1798 de
748 1744 846 1798 l’ideal.

134 1929 174 1984 11.
187 1930 280 2004 Atque
293 1945 348 2002 ego
359 1925 389 1983 in
403 1943 516 1982 summo
529 1935 644 1981 oratore
655 1923 789 1998 fingendo
798 1922 884 1980 talem
898 1923 942 1980 in-

94 2018 236 2088 formabo,
249 2018 341 2096 qualis
355 2019 476 2076 fortasse
489 2035 575 2074 nemo
590 2015 654 2073 tuit.
664 2016 727 2073 Non
741 2013 818 2073 enim
830 2034 940 2092 quaero,

94 2111 158 2189 quis
171 2108 272 2183 luerit3
285 2111 336 2169 sed
355 2109 426 2188 quid
446 2108 482 2168 sit
501 2107 591 2178 illud,
607 2127 666 2184 quo
684 2107 756 2165 nihil
775 2106 867 2188 possit
880 2126 942 2165 esse

94 2203 293 2284 praestantius:
308 2205 388 2282 quod
399 2202 429 2261 in
440 2201 634 2282 perpetuitate
643 2200 777 2259 dicendi²
792 2221 850 2259 non
868 2221 943 2279 saepe

95 2369 212 2430 «aliquid
232 2369 300 2415 etiam
321 2378 417 2431 receptae
434 2369 489 2414 reli-

96 2450 110 2475 «
122 2430 188 2494 gioni
198 2431 303 2479 videtur:
316 2432 374 2477 adeo
390 2432 492 2491 majestas

96 2511 110 2536 u
122 2492 196 2555 operis
205 2495 275 2541 deum
286 2493 391 2554 aequavit.
403 2513 417 2536 »

128 2555 491 2618 t.Dorypl0rt'sta1ud.LsDory·

92 2616 171 2680 pltare,
188 2633 219 2663 ou
230 2618 382 2674 Porta-lance,
389 2617 492 2678 jouissait

95 2679 153 2724 dans
174 2678 305 2740 l’antiquite'
327 2681 397 2725 d’uue
414 2679 493 2724 estimo

94 2740 493 2802 touteparticuliere.Laproportion

96 2802 136 2847 des
143 2803 226 2848 formes
232 2802 307 2863 yetait
316 2803 493 2849 simerveilleuse

96 2863 263 2929 tl'exaetitude‚
287 2881 347 2924 que,
368 2865 441 2924 parmi
461 2866 493 2911 les

96 2926 196 2982 arastes,
211 2942 242 2972 on
256 2927 372 2988 l'appelait
386 2928 407 2972 la
420 2926 491 2987 regie,

96 2988 137 3038 τὸν
146 2988 246 3038 κανόνα.
259 2989 384 3049 Polyelite,
395 3003 438 3034 son
451 3004 493 3033 nu-

96 3051 245 3106 temnam-s
256 3053 310 3107 480,
323 3050 337 3096 a
348 3054 422 3114 Argos
429 3051 492 3096 selon

82 3108 119 3151 lea
130 3126 179 3168 uns,
192 3111 208 3156 ὲ
217 3112 321 3173 Sicyone
329 3113 396 3160 selon
406 3113 440 3160 les
451 3129 490 3160 au·

544 2378 597 2428 tres,
610 2370 668 2415 avait
681 2369 720 2415 tait
737 2369 796 2414 aussi
810 2385 841 2413 un
857 2371 943 2415 Joueur

544 2430 572 2474 de
592 2431 631 2476 de's
653 2432 694 2492 qui
710 2431 794 2493 passait
805 2445 865 2489 pour
879 2432 943 2475 l’ou-

544 2508 612 2555 vrage
624 2495 646 2539 le
656 2493 708 2555 plus
721 2491 842 2552 accompli.

578 2555 765 2616 2.Perpetuitate
774 2553 872 2609 dicendi,
889 2554 943 2599 l'eu-

546 2617 628 2662 semble
652 2632 682 2660 ou
702 2616 778 2676 plutbt
799 2615 820 2659 la
839 2615 897 2660 suite
911 2617 943 2661 du

546 2680 657 2724 discours.
684 2695 696 2720 u
712 2680 740 2722 In
753 2687 849 2736 utroque
860 2693 943 2739 gauere

547 2759 560 2784 α
574 2739 659 2800 leporis
675 2739 797 2797 excellens,
812 2747 835 2784 et
848 2739 888 2784 illo
902 2740 942 2799 qui

547 2820 560 2845 α
574 2801 599 2845 in
612 2801 766 2862 perpetuitate
784 2800 903 2858 sermonis,
919 2811 942 2846 et

547 2882 560 2907 ι(
574 2865 627 2922 hoe,
642 2862 682 2924 qui
696 2862 721 2907 in
738 2862 860 2921 celeritate,
874 2871 942 2921 atque

546 2944 560 2969 α
575 2925 636 2971 dicto
663 2933 705 2972 est.
728 2942 741 2966 a
770 2923 887 2984 (ciceron,
914 2925 942 2969 de

545 2989 675 3044 Ρθναειαν,
691 2988 725 3044 ll,
736 2987 795 3045 mv.)
804 2985 901 3032 Ciceros
908 2987 942 3031 dit

545 3064 627 3095 encore
635 3047 725 3094 ailleurs
735 3067 741 3094 ι
753 3065 766 3090 «
779 3049 832 3093 Sum
844 3048 941 3107 cupidus

547 3130 561 3156 u
575 3120 598 3158 te
607 3109 633 3157 in
645 3109 795 3175 illllongiore
801 3120 826 3155 et
831 3111 944 3169 perpetua
