2070 3524
97 272 129 312 n
458 264 594 316 ORATOR·

98 385 179 463 loqui
196 403 270 454 esse,
282 383 362 461 quod
372 381 488 455 dicere3
502 393 627 440 attamen
642 391 801 458 utrumque
811 380 844 438 in
857 379 950 440 disse·

99 479 191 538 rendo
214 488 268 536 est.
291 475 461 555 Disputandi
480 474 566 548 ratio,
581 486 609 533 et
620 473 769 552 loquendi,
785 474 951 535 dialectico·

99 591 162 628 rum
178 570 231 643 sit;
250 581 398 627 oratorum
415 582 520 643 autem,
543 568 658 627 dicendi
673 580 703 625 et
715 569 853 628 ornandi.
874 572 952 627 Zeno

99 664 214 742 quidem
242 663 302 734 ille,
327 685 344 720 a
368 683 426 740 quo
445 662 596 740 disciplina
611 667 774 719 Stoicorum
788 673 846 733 est,
863 683 950 721 mann

99 758 296 815 demonstrare
313 755 435 826 solebat,
455 755 524 833 quid
542 756 618 813 inter
631 756 683 813 has
695 767 771 813 artes
784 755 949 817 interesset.

98 848 949 930 Nam,quumcompresseratdigitos‚pugnumquefecerat,

99 943 275 1003 dialecticam
284 945 379 1002 aiebat
387 942 527 1016 ejusmodi
536 961 613 1014 esse;
623 963 712 1022 quum
721 954 819 1001 autem
830 945 952 1004 diduxe·

100 1051 154 1107 rat,
167 1048 196 1095 et
210 1056 327 1094 manum
345 1037 525 1107 dilataverat,
538 1035 641 1114 palmae
652 1034 729 1093 illius
749 1033 875 1096 similem
892 1039 953 1097 elo·

33 1120 36 1127 ¹
99 1130 245 1207 quentiam
258 1149 319 1188 esse
329 1129 452 1189 dicebat.

138 1229 233 1300 Atque
250 1223 335 1280 etiam
355 1235 421 1281 ante
438 1223 516 1280 hunc
534 1221 701 1281 Aristoteles
715 1221 865 1302 principio
883 1225 953 1283 artis

99 1313 250 1373 rhetoricae
264 1316 344 1385 dicit,
360 1315 438 1374 illam
447 1327 538 1374 artem
551 1313 634 1392 quasi
647 1335 684 1374 ex
697 1314 788 1372 altera
795 1328 882 1393 parte
894 1336 952 1375 res-

99 1408 228 1486 pondere
246 1407 423 1467 dialecticae¹
442 1432 448 1466 :
462 1421 494 1466 ut
507 1408 563 1465 hoc
577 1407 709 1465 videlicet
723 1405 863 1467 differant
876 1409 953 1468 inter

99 1520 140 1571 se,
167 1499 246 1578 qudd
271 1502 332 1560 haec
360 1502 432 1560 ratio
454 1500 568 1558 dicendi
583 1501 669 1558 latior
682 1499 730 1570 sit,
746 1498 797 1557 illa
811 1500 953 1578 loquendi

99 1594 285 1653 contractior.
299 1596 373 1654 Volo
391 1593 479 1671 igitur
490 1593 557 1651 huic
574 1613 683 1652 summo
695 1613 824 1664 omnem,
840 1614 907 1672 quae
916 1596 952 1653 ad

98 1688 252 1745 dicendum
264 1688 339 1745 trahi
352 1687 451 1766 possit,
464 1686 604 1764 loquendi
619 1686 760 1745 rationem
766 1706 830 1746 esse
838 1700 951 1749 notam.

99 1782 168 1853 Quae
179 1779 295 1856 quidem
309 1798 366 1852 res,
379 1780 458 1859 qnod
471 1791 499 1836 te
506 1778 552 1836 his
564 1779 823 1838 artibnseruditum
832 1781 953 1841 minime

100 1871 183 1944 fallit,
209 1871 355 1949 duplicem
382 1872 471 1929 habet
499 1871 622 1930 docendi
642 1873 718 1930 viam
735 1891 741 1928 :
756 1893 825 1931 nam
844 1873 952 1953 etipse

104 1964 267 2024 Aristoteles
292 1964 410 2022 tradidit
423 1978 569 2043 praecepta
582 1965 706 2044 plurima
723 1966 906 2041 disserendi3
924 1980 951 2027 et

99 2069 210 2136 postea,
232 2055 281 2134 qui
295 2056 436 2115 dialectici
453 2056 599 2131 dicuntur,
616 2059 777 2137 spinosiora
791 2060 884 2119 multa
896 2081 951 2139 pe-

99 2161 248 2229 pererunt.

140 2249 217 2322 Ergo
243 2264 309 2303 eum
335 2264 448 2319 censeo,
465 2244 516 2322 qui
529 2242 701 2322 eloquentiae
715 2244 801 2304 laude
812 2247 949 2317 ducatur,

100 2357 159 2396 non
179 2358 240 2397 esse
262 2359 360 2397 earum
381 2358 478 2397 rerum
499 2337 616 2395 omnino
637 2337 737 2395 rudem
752 2361 760 2409 3
777 2339 828 2397 sed
842 2340 890 2399 vel
901 2339 951 2399 illl

100 2431 233 2509 antiqua,
260 2430 305 2489 vel
327 2430 382 2488 hac
403 2429 555 2509 Chrysippi
572 2430 740 2511 disciplina²
761 2431 948 2492 institutum:

101 2524 212 2582 noverit
232 2523 359 2602 primum
374 2523 444 2598 vim,
462 2535 607 2595 naturam,
620 2543 726 2600 genera
740 2525 908 2597 verborum,
922 2537 951 2584 et

132 2782 154 2823 t.
186 2777 232 2823 Res
260 2775 329 2821 ndere
362 2773 495 2822 dialectica.
599 2779 622 2820 2.
660 2774 782 2836 Chrysippi
815 2776 948 2838 decipitne.

100 2837 209 2894 Aristum,
267 2839 369 2899 torique,
379 2838 399 2895 1,
410 2852 431 2883 1:
443 2836 498 2895 Ῥη·
550 2835 724 2897 Chrysippea&
733 2837 951 2887 tsuesout‘rarse

99 2899 185 2962 τορική
207 2899 271 2949 ἐστιν
291 2900 448 2960 ἀντίστροφος
466 2904 496 2964 τῇ
550 2914 580 2945 en
597 2898 674 2945 cilicie
702 2899 761 2961 (280
780 2911 847 2946 avant
864 2905 949 2964 J.C.),

100 2960 245 3024 διαλεκτικῇ.
285 2959 427 3024 Ἀμφὸτεραι
451 2961 497 3024 γὰρ
551 2961 672 3006 suooddair
693 2962 816 3023 Cleanthe,
841 2964 902 3010 eldve
921 2967 951 3011 de

99 3022 156 3086 περὶ
184 3023 303 3072 τοιούτων
330 3026 398 3072 τινῶν
428 3023 497 3086 εἰσὶν,
552 3025 642 3082 zenon,
657 3033 680 3069 et
697 3023 732 3068 lut
749 3025 845 3086 regarde
863 3043 952 3074 comme

100 3081 205 3135 ἂκοινὰ
230 3086 320 3150 τρόπον
340 3086 393 3135 τινὰ
418 3085 500 3135 ἁπάν-
552 3086 573 3131 le
584 3086 668 3130 second
682 3085 803 3130 londateur
816 3088 848 3132 du
859 3088 950 3135 stoicis-

20 3166 23 3171 ·
98 3162 149 3197 των
189 3146 241 3199 ἐστὶ
277 3150 414 3213 γνωρίζειν,
457 3149 500 3198 καὶ
552 3163 596 3194 me.
605 3149 643 3193 On
656 3147 723 3193 disait
732 3148 787 3193 chen
799 3148 832 3194 lea
844 3150 948 3197 audens:

96 3208 216 3283 οὐξιμιᾶς
240 3210 377 3277 Intestina<
412 3212 501 3278 &pupi-
552 3210 585 3261 El
601 3209 638 3333 {lt
652 3209 684 3267 im
706 3211 889 3270 diluiuum,
904 3214 952 3261 odit

7 3298 12 3307 ·
84 3282 184 3337 σμνης.
559 3272 590 3322 dot
621 3270 754 3327 νὴἱτοὸ.
