2070 3524
437 195 570 242 ORATOR.
899 203 924 243 91
985 238 988 247 ,

73 326 210 391 tempore
233 324 262 371 et
281 311 455 371 discentibus
483 312 681 370 satisfacerent
710 324 739 371 et
773 313 928 371 consulen-

75 404 171 478 tibus;
184 405 278 476 alteri,
302 425 391 483 quum
411 404 600 463 domesticum
616 403 747 481 tempus¹
777 404 808 462 in
825 425 929 481 cogno-

74 497 191 557 scendis
209 497 471 576 componendisque
489 496 594 566 causis,
618 498 733 555 forense
749 497 780 555 in
796 498 926 575 agendis,

75 591 223 669 reliquum
238 591 269 648 in
285 610 316 648 se
335 589 406 668 ipsis
427 589 589 649 reficiendis
608 610 693 649 omne
714 608 926 663 consumerent,

75 704 165 764 quem
193 683 339 743 habebant
372 683 538 740 instituendi
573 695 623 741 aut
657 684 782 742 docendi
817 685 928 744 locum?

75 784 174 855 Atque
195 776 275 835 haud
298 775 357 834 scio
384 796 420 833 an
439 774 571 854 plerique
592 787 760 833 nostrorum
780 789 929 836 oratorum
1004 828 1007 833 .

76 868 194 946 ingenio
221 869 285 949 plus
309 867 451 926 valuerint
475 871 562 945 quam
587 867 730 926 doctrina.
764 873 865 946 Itaque
886 869 928 927 illi

76 962 175 1022 dicere
192 962 304 1032 melius,
322 964 409 1038 quam
422 961 581 1040 praecipere
599 983 606 1017 ι
624 981 677 1019 nos
692 965 793 1020 contri
808 963 929 1026 sortasse

75 1076 242 1136 possumus.
380 1117 382 1121 ,

118 1155 157 1208 At
166 1148 334 1226 dignitatem
345 1149 450 1206 docere
461 1167 519 1205 non
531 1146 629 1206 habet.
646 1150 742 1220 Certe,
765 1146 789 1205 si
802 1147 885 1226 quasi
898 1147 928 1206 in

75 1241 177 1313 ludo²;
204 1243 255 1300 sed
272 1241 296 1299 si
319 1241 475 1310 monendo,
495 1239 520 1297 si
540 1240 732 1310 cohortando,
756 1240 780 1298 si
799 1261 927 1318 percon·

76 1338 179 1407 tand0,
193 1337 218 1393 si
228 1332 480 1406 communicando,
494 1333 518 1391 si
535 1333 681 1390 interdum
701 1332 788 1391 etiam
806 1336 864 1391 une
884 1334 928 1392 le-

76 1429 184 1506 gendo,
214 1426 375 1499 audiend03
407 1425 517 1498 nescio,
547 1427 679 1484 docendo
705 1425 792 1484 etiam
820 1426 929 1504 aliquid

76 1521 233 1600 aliquando
248 1521 272 1579 si
288 1520 380 1599 possis
394 1519 528 1579 meliores
546 1521 658 1592 facere,
676 1540 728 1578 cur
746 1520 819 1578 nolis
830 1520 856 1578 ³?
870 1529 927 1592 An,

76 1614 182 1692 quibus
196 1613 291 1672 verbis
308 1633 458 1672 sacrorum
484 1612 619 1671 alienatio
633 1612 643 1646 l
666 1613 730 1684 fiat,
752 1615 857 1673 dooere
872 1613 928 1671 ho-

76 1719 194 1767 nestum
209 1719 263 1777 est,
281 1719 313 1764 ut
329 1719 386 1777 est;
407 1704 510 1782 quibus
525 1704 588 1784 ipsa
601 1726 684 1764 sacra
695 1706 816 1765 retineri
827 1707 926 1766 delen-

75 1801 165 1880 dique
174 1799 296 1880 possint,
310 1819 368 1858 non
380 1799 532 1857 honestum
547 1803 609 1857 est?

116 1901 155 1952 At
166 1892 214 1972 jus
230 1893 401 1972 profitentur
416 1891 515 1963 etiam,
531 1891 580 1969 qui
591 1892 724 1950 nesciunt
738 1917 746 1965 3
763 1893 928 1970 eloquentia

75 1997 174 2045 autem
185 1984 227 2042 illi
241 1985 309 2064 ipsi,
328 1985 377 2062 qui
393 1984 539 2043 consecuti
562 1997 638 2056 sunt,
655 1998 751 2044 tamen
780 2006 811 2044 se
832 1986 928 2045 valere

109 2219 132 2260 4.
156 2211 308 2256 Domesticmn
333 2221 431 2272 tenpus,
453 2212 475 2256 le

76 2285 152 2334 temps
171 2274 243 2333 qu’on
264 2288 328 2332 passe
352 2275 407 2319 cliez
430 2272 473 2321 soi.

77 2355 88 2380 ι
103 2334 243 2381 Sententiam
253 2335 342 2387 lrabeat,
355 2335 421 2380 aliam
432 2336 475 2380 do·

77 2417 90 2440 «
103 2397 229 2452 mesticam,
245 2397 310 2442 aliam
323 2396 449 2442 forensem?
461 2416 474 2439 n

79 2459 194 2520 (ciceron,
208 2459 248 2504 des
266 2462 339 2507 Vrais
355 2460 425 2516 biens,
442 2463 474 2515 Il,

76 2521 156 2583 xxiv.)
174 2524 263 2566 Horace
285 2521 320 2566 dit
340 2522 368 2566 de
384 2522 473 2566 meme:

77 2602 91 2627 ι(
101 2583 244 2630 Domesticus
257 2583 325 2629 otior.
340 2603 351 2626 υ
369 2583 475 2644 (Satires,

76 2649 101 2705 1,
114 2662 154 2702 v1,
167 2647 232 2707 428.)

108 2715 130 2755 2.
163 2709 191 2752 In
205 2707 267 2764 ludo,
284 2705 332 2761 oui,
355 2706 390 2752 s’il
411 2706 477 2768 s’agit

75 2769 222 2832 d'enseigner
243 2784 330 2814 comme
358 2770 414 2813 dans
432 2783 476 2813 une

75 2832 146 2878 doole.
161 2833 197 2876 On
208 2831 256 2876 voit
267 2831 321 2891 qu’a
330 2830 436 2891 l'e'poquc
447 2831 476 2875 de

75 2893 187 2952 Cicdron,
199 2893 232 2938 les
245 2894 347 2938 rlietcurs
364 2892 476 2937 n'avaicnt

76 2971 117 3016 pas
128 2970 211 3001 encore
225 2955 320 3015 conqnis
339 2953 411 3000 alen
434 2970 475 2998 en-

75 3017 217 3079 seignement
232 3032 276 3062 une
289 3016 397 3061 situation
413 3015 475 3060 sulfi-

75 3090 139 3126 sante
150 3079 207 3124 dans
217 3079 313 3124 l’estime
324 3079 441 3139 publiquc.

108 3146 131 3190 ³.
143 3141 378 3188 Nescio....eurnolis.
387 3144 419 3186 Ce
426 3156 476 3202 pas-

528 2209 643 2255 interdum
650 2211 719 2256 etiam
729 2208 774 2255 und
785 2210 879 2271 legendo
888 2228 929 2256 au-

529 2271 618 2332 diendo,
627 2273 702 2317 nescio
713 2288 754 2316 eur
761 2277 821 2317 non?
829 2273 928 2318 docendo

529 2335 598 2378 etiam
615 2334 707 2396 aliquid
717 2335 844 2395 aliquando
854 2337 928 2396 possis

529 2395 929 2455 melioreslucere‚ne.rciocumulis?

561 2463 584 2504 l.
616 2463 734 2505 Sacrorum
745 2459 864 2506 alienatio.
881 2459 928 2518 lly

529 2520 588 2566 avait
594 2522 648 2567 cher
657 2521 690 2567 les
696 2519 804 2567 Romains
810 2523 850 2567 des
861 2519 929 2566 fonds

529 2583 558 2628 de
569 2594 629 2629 terre
637 2582 809 2644 appartenenti
820 2582 929 2644 quelques

529 2644 636 2704 familles,
654 2644 694 2705 qui
715 2644 798 2690 e'taient
812 2644 929 2690 consecres

529 2723 570 2767 par
584 2708 605 2752 la
616 2707 721 2769 religion,
738 2716 761 2751 et
770 2705 925 2768 inalienables,

529 2785 616 2814 comme
631 2769 741 2815 certaines
760 2768 834 2828 places
852 2768 928 2828 publi-

529 2847 584 2890 ques
597 2842 620 2876 et
631 2831 727 2877 certains
737 2831 830 2891 champs
842 2831 929 2891 publica

530 2909 574 2952 que
596 2893 617 2937 la
641 2893 673 2938 loi
695 2895 735 2938 des
757 2894 929 2938 Bonae-Tables

529 2954 657 3000 interdisait
671 2956 700 3000 de
721 2955 807 3000 vendre
827 2971 886 3015 pour
908 2955 929 2999 le

529 3019 600 3062 mdmc
611 3016 686 3063 motis.
693 3017 788 3063 Ciceron
796 3016 831 3061 dit
839 3017 929 3061 ailleurs

529 3079 585 3123 dans
595 3079 616 3123 le
627 3081 699 3124 meme
711 3094 773 3124 sens:
782 3081 866 3122 «Sacra
880 3077 928 3136 pri-

531 3158 545 3183 n
555 3151 608 3187 rata
612 3148 844 3201 perpetuamunento
850 3140 943 3192 suites

72 3201 480 3265 rageestdcritainsiparGoeller:Si
538 3202 721 3268 Lois,ll,ixq
