2062 3510
133 293 162 334 30
492 288 624 334 ORATOR.

134 424 198 483 per,
213 424 266 462 uec
284 403 314 461 iu
332 402 467 461 omnibus
482 402 588 474 causis,
608 421 646 459 ex
658 399 764 459 iisdem
778 400 887 459 eadem
901 418 978 477 argu·

133 507 297 553 mentorum
310 508 455 553 momenta
470 505 546 555 sunt.
561 491 706 551 tudinium
719 490 812 569 igitur
825 488 978 563 adhibebit,

133 594 187 648 udc
202 589 331 647 inveniet
343 588 447 660 solum,
465 586 537 665 quid
549 586 637 659 dicat,
658 585 709 644 sed
724 583 814 644 etiam
831 584 979 667 expendet.

134 681 210 739 Nihil
224 683 301 740 euim
321 693 364 741 est
384 680 507 739 feracius
522 679 657 756 iugcuiis,
677 676 713 736 iis
732 678 981 757 praesertimque

134 774 291 855 disciplinis
311 774 426 834 exculta
445 786 522 833 suut.
546 774 602 832 Sed
623 783 656 829 ut
675 782 787 847 segetes
811 772 981 837 fecundae

134 868 238 928 uberes
252 889 311 927 uon
324 870 417 927 sollim
434 867 542 943 fruges,
556 868 659 923 verlini
673 864 780 923 herbas
792 866 888 927 etiam
901 868 980 930 elfuu-

134 964 206 1021 dunt
229 962 441 1021 inimicissimas
464 958 612 1036 frugibus,
638 958 679 1017 sic
700 956 851 1019 interdum
875 982 916 1021 ex
935 962 1003 1025 illu.

133 1055 205 1113 locis
218 1068 269 1113 aut
288 1054 363 1113 levia
385 1054 530 1131 quaedam,
556 1064 607 1110 aut
622 1051 715 1109 causis
731 1050 842 1127 aliena,
857 1066 914 1115 aut
933 1047 981 1123 riou

133 1147 215 1205 utilia
228 1145 386 1224 gignuntur
397 1169 405 1219 ;
418 1165 543 1223 quorum
556 1144 593 1203 ab
603 1143 727 1203 oratoris
735 1143 849 1217 judicio
860 1148 982 1207 detectus

134 1239 451 1318 maguusadhihebitur.
459 1237 576 1315 Alioqui
584 1237 805 1316 quonammodo
813 1238 982 1301 illeinhouis

134 1334 254 1393 haerebit
265 1346 294 1392 et
302 1333 444 1391 habitabit
455 1330 529 1392 suis?
543 1343 594 1391 aut
607 1331 718 1390 molliet
730 1330 816 1405 dura3
824 1344 877 1391 aut
892 1334 982 1395 ooeul·
1001 1357 1004 1365 ·

134 1425 206 1485 tabit
220 1447 285 1505 quae
302 1424 374 1485 dilui
392 1446 451 1483 nou
470 1435 620 1504 poterunt,
637 1437 724 1501 atque
744 1425 867 1485 omniuo
889 1428 983 1509 oppri-

134 1531 204 1594 met,
213 1521 237 1578 si
248 1519 364 1579 licebit?
375 1531 426 1578 aut
438 1517 564 1577 abducet
578 1515 700 1594 auim0s3
716 1529 767 1575 aut
778 1516 862 1577 aliud
874 1518 982 1593 afferet,

134 1614 213 1690 quod
239 1612 404 1692 oppositum
430 1610 612 1691 probabilius
634 1610 680 1684 sit,
704 1612 792 1687 qubm
812 1611 891 1673 illud
912 1614 985 1695 quud·

134 1704 277 1763 obstabit?
293 1708 357 1764 Jam
373 1706 442 1763 verb
457 1725 502 1778 ea,
519 1725 583 1782 quae
597 1704 751 1778 invenerit,
767 1709 828 1783 qub
841 1704 983 1787 diligentit
999 1778 1002 1789 Ι

135 1797 306 1856 collocabit?
318 1798 455 1874 quoniam
468 1797 499 1855 id
510 1798 669 1856 secundum
681 1810 743 1855 erat
757 1796 793 1855 de
808 1796 916 1863 tribus.
924 1804 984 1861 Ves-
1005 1788 1010 1801 ’

135 1888 225 1946 tibula
241 1890 378 1947 nimirum
393 1890 528 1962 honesta,
549 1888 700 1966 aditusque
714 1888 752 1947 ad
766 1910 888 1953 causam
905 1890 983 1953 saciet

134 1980 275 2056 illustres;
293 2003 441 2061 quumque
456 1982 567 2041 animos
584 1983 678 2062 prima
693 1982 881 2059 aggressione
898 2004 982 2047 oocu-

134 2075 259 2152 paverit,
273 2075 432 2134 infirmabit
444 2077 636 2155 excludetque
652 2074 814 2150 contraria;
829 2077 867 2137 de
880 2078 982 2138 firmis·

135 2166 212 2225 simis
227 2167 394 2248 alia-prima
408 2180 509 2249 ponet,
525 2167 582 2228 alia
597 2181 756 2251 postrema,
772 2166 982 2251 inculcabitque
1004 2186 1014 2221 -·

136 2259 249 2323 leviora
260 2263 285 2325 1.

200 2504 240 2554 De
251 2502 416 2554 l’dlocution.
430 2502 494 2555 Idee
504 2502 625 2573 gdudrale
636 2501 670 2555 de
681 2521 730 2556 son
743 2501 922 2575 imponam.

174 2684 229 2740 IX.
264 2687 359 2759 Atque
390 2679 421 2738 in
449 2680 552 2760 primis
572 2681 684 2740 duabus
709 2681 827 2741 dicendi
858 2682 987 2763 partibus

136 2773 228 2850 qualis
254 2786 349 2848 esset,
373 2774 537 2833 summatim
561 2774 746 2853 breviterque
769 2774 986 2857 descripsimus.

168 2986 190 3023 t.
202 2977 474 3039 [mulcabiequeleviora.
488 2981 534 3024 «lu
589 2997 602 3022 α
617 2979 742 3026 mediocria
759 2981 820 3042 (uam
831 2979 924 3027 vitiosis
938 2996 988 3029 uut·

136 3057 150 3083 ε
163 3039 276 3095 oratione,
291 3038 444 3086 firmissimum
459 3043 534 3102 quod·
589 3061 603 3085 ιι
617 3058 684 3103 quam
706 3058 752 3089 esse
773 3050 870 3102 oportet
895 3042 987 3117 locum),

136 3120 150 3144 α
164 3116 209 3163 que
225 3101 256 3146 tit
274 3101 373 3162 primum
389 3117 394 3151 :
412 3104 466 3149 dum
478 3104 534 3149 illud
589 3122 603 3149 α
617 3104 642 3149 iu
655 3105 753 3151 medium
770 3104 869 3167 turbam,
884 3114 956 3167 utque
966 3118 992 3153 ιι

136 3183 150 3207 u
164 3172 356 3225 tamcuteueatur,
368 3175 394 3211 ut
402 3181 484 3227 eaquae
494 3182 530 3213 ex·
589 3184 603 3210 e
619 3182 711 3229 gregem
729 3165 889 3224 coniiciuntur.
902 3186 918 3212 u
936 3166 990 3231 (fi-

34 3278 37 3283 .
125 3244 142 3269 n
154 3226 448 3277 cellcutaerveuturetiaru
458 3229 488 3275 atl
496 3245 540 3291 pe·
594 3229 681 3289 (brou,
697 3231 732 3273 De
749 3227 943 3287 rotumum.
954 3232 998 3285 ii„

119 3302 134 3329 ¹
145 3290 279 3339 fflmfldtaffl
305 3312 314 3343 .·
344 3293 366 3342 ti
395 3310 449 3359 quaa
475 3302 546 3341 eruut
603 3290 676 3347 oliuu.
689 3284 801 3342 mxxvii-l,
