2070 3524
129 162 153 208 ιδ
479 157 610 204 ORATOR.

125 282 182 328 tem
201 271 328 350 putavit,
348 271 450 330 hahuit
466 272 596 351 profecto
616 270 855 351 comprehensam
875 273 971 333 animo

124 364 277 441 quamdam
291 364 414 422 formam
428 362 610 442 eloquentiae,
619 362 666 422 cui
678 365 814 442 quoniam
825 364 971 433 nihildee·

124 469 184 536 rat,
200 476 266 527 eos,
283 456 386 534 quibus
402 456 511 535 aliquid
532 469 582 515 ant
599 456 685 538 plura
702 459 836 532 deerant,
856 458 887 516 in
908 480 971 518 eam

123 550 245 608 formam
268 569 326 607 nou
346 563 460 629 poterat
477 550 637 610 includere.
658 549 871 631 'Investigemus
894 552 972 611 hunc

123 640 221 719 igitur,
236 645 339 715 Brute,
355 641 380 700 si
394 662 561 720 possumus,
573 662 660 721 quem
671 662 819 720 nunquam
833 642 905 702 vidit
914 650 973 704 An-

123 734 230 808 tonius,
244 747 294 792 aut
305 733 355 812 qui
369 733 487 794 omnino
501 736 597 795 nullus
611 756 740 815 nuquam
757 735 830 795 fuit:
847 757 935 814 quem
948 739 972 796 si

122 827 230 888 imitari
250 843 336 908 atque
353 829 516 910 exprimere
535 851 594 890 non
616 851 785 910 possumus,
801 833 880 910 quod
894 833 972 893 idem

122 921 170 980 ille
187 923 237 981 vix
249 928 312 982 Deo
332 944 499 982 concessum
522 944 583 983 esse
605 924 729 995 dicebat,
748 937 778 983 at
799 926 891 1004 qualis
909 946 972 986 esse

123 1013 237 1097 deheat,
252 1014 412 1095 poterimus
426 1017 545 1076 fortasse
555 1017 663 1077 dicere.

123 1254 242 1308 Division
259 1253 291 1307 de
302 1256 464 1326 l’eloquence
475 1275 508 1309 en
519 1258 583 1310 trois
598 1277 700 1330 genres.
713 1260 890 1312 Demosthene
902 1262 972 1314 cllre

216 1333 281 1386 daus
295 1334 395 1403 chaque
407 1352 487 1404 genre
498 1337 536 1387 les
551 1337 611 1406 plus
627 1337 736 1408 parfaits
749 1337 875 1392 modeles.

164 1517 213 1574 lV.
235 1512 302 1572 Tria
320 1513 522 1573 suutomnino
545 1535 651 1593 genera
670 1515 800 1587 dicendi,
820 1515 924 1594 quibus
940 1518 971 1577 in

124 1606 242 1683 singulis
255 1607 372 1682 quidam
388 1607 559 1678 floruerunt,
576 1611 711 1687 peraeque
726 1623 821 1668 autem
839 1609 880 1688 (id
892 1612 972 1688 quod

124 1698 265 1776 volumus)
278 1698 417 1776 perpauci
432 1698 463 1756 iu
478 1699 622 1757 omnibus.
638 1704 713 1759 Nam
728 1715 756 1760 et
776 1702 969 1780 grandiloqui,

123 1803 156 1849 ut
175 1789 214 1849 ita
229 1791 342 1864 dicam,
363 1791 488 1871 suerunt,
509 1812 575 1849 cum
596 1793 692 1871 ampla
716 1805 745 1851 et
764 1794 970 1853 sententiarum

124 1884 262 1962 gravitate
280 1896 309 1942 et
324 1883 471 1957 majestate
485 1885 654 1958 verborum,
671 1885 869 1956 vehementes,
882 1887 968 1958 varii,

123 1976 249 2055 copiosi,
274 1995 390 2053 graves,
416 1977 452 2034 ad
475 1978 686 2056 permovendos
709 1991 738 2036 et
760 1982 969 2040 convertendos

123 2068 233 2127 animos
246 2067 378 2126 instructi
394 2081 422 2127 et
437 2069 531 2148 parati
549 2069 640 2149 (quod
657 2071 766 2150 ipsum1
788 2072 836 2130 alii
855 2080 968 2152 asperat,

123 2161 208 2232 tristi,
223 2161 342 2219 horridi
363 2161 507 2236 oratione,
525 2183 619 2242 neque
637 2165 775 2243 perlecti,
791 2185 883 2243 neque
897 2187 970 2224 con-

123 2255 237 2329 clusd²;
263 2255 311 2314 alii
333 2255 387 2313 levi
405 2268 435 2315 et
450 2259 557 2315 structa
575 2270 605 2316 et
620 2258 801 2338 terminata);
823 2272 852 2317 et
871 2264 970 2318 contra

135 2424 179 2474 ¹t.
209 2414 276 2474 Quod
301 2416 382 2476 iprsum,
407 2415 521 2460 Snus-en·
547 2446 551 2476 ,
578 2433 591 2458 «
605 2425 663 2473 turn,
677 2433 774 2477 casuque
790 2432 967 2478 nonnunquam,

124 2477 309 2538 tendujuerunt.
547 2484 549 2491 ⁴
576 2495 590 2521 c
603 2479 672 2538 quarn
686 2489 725 2525 aut
742 2478 830 2524 ratione
847 2478 972 2538 aliqudaut

155 2547 178 2584 2.
195 2541 271 2600 Neque
285 2538 403 2588 conclusi.
426 2538 522 2586 ciceron
577 2557 588 2583 ιι
604 2541 760 2586 observatione
770 2540 972 2600 fiebat.lpsaenim

125 2600 206 2647 definit
218 2603 273 2646 dans
282 2602 303 2647 le
315 2605 400 2646 Brutus
411 2601 455 2663 (eh.
467 2603 521 2663 vm)
576 2619 589 2645 e
604 2611 683 2648 natura
695 2601 903 2662 circumscriptione
917 2605 972 2662 qua-

125 2664 216 2725 cequ'il
229 2663 522 2724 entendparconeludere,
577 2682 590 2707 c
604 2664 655 2708 darn
677 2664 797 2709 verborum
820 2665 973 2724 comprehen-

125 2726 249 2772 conclusio.
263 2728 341 2772 «Ante
347 2726 407 2771 hunc
419 2727 523 2786 (lsocra·
577 2743 590 2768 α
604 2725 639 2770 dit
649 2726 809 2787 concluditque
822 2725 970 2772 sententiam:

126 2807 139 2832 c
153 2786 210 2849 tem)
228 2788 347 2834 verborum
369 2787 433 2848 quasi
453 2797 523 2833 struc-
577 2804 655 2848 «qum
676 2804 746 2847 quum
772 2787 831 2848 aptis
853 2787 972 2834 constricta

127 2869 139 2894 n
154 2859 244 2912 tura‚et
253 2851 356 2910 quaedam
365 2851 394 2894 ad
405 2865 523 2896 numerum
577 2867 590 2892 α
605 2849 678 2895 verbis
700 2859 752 2906 est,
768 2850 829 2895 cadit
847 2850 912 2894 etium
926 2851 973 2909 plo-

128 2932 140 2956 ι
155 2913 269 2959 conclusio
282 2913 343 2957 nulla
360 2921 488 2971 effluunt,
504 2911 523 2958 si
579 2912 699 2972 ariumque
720 2911 848 2958 numerose.
872 2914 929 2957 Nam
952 2921 974 2957 et

128 2996 140 3018 a
155 2974 246 3037 quando
260 2983 315 3033 erat,
334 2991 382 3020 non
400 2975 525 3035 apparebat
579 2990 670 3019 naeres
697 2973 765 3033 ipsse,
789 2973 846 3035 quid
866 2973 971 3033 plenum,

128 3054 203 3085 «earu
216 3035 294 3082 <leuitt
316 3035 386 3096 operi
403 3053 450 3084 esee
463 3052 524 3097 quae-
578 3054 590 3080 n
606 3036 663 3098 quid
681 3035 748 3082 inane
767 3035 807 3098 sit,
821 3037 937 3095 judicant,
952 3044 974 3080 et

124 3119 139 3142 a
150 3099 236 3146 sitam:
249 3115 301 3159 quae
313 3097 407 3144 forsitan
422 3100 468 3145 laus
480 3099 522 3146 sit:
549 3118 551 3155 ς
579 3116 592 3142 c
607 3097 689 3158 spiritu
712 3106 735 3145 et
756 3096 822 3159 quasi
844 3098 973 3144 necessitate

111 3175 127 3200 e
141 3169 300 3208 verumtamen
333 3162 415 3210 natura
451 3162 525 3228 mrtgis
583 3159 975 3224 ealiqui,rethornmcomprclmu-
