2070 3524
95 272 140 315 m
454 266 586 312 ORATOR.

95 382 135 440 sic
163 379 257 438 oratio
284 397 337 436 nec
366 378 482 456 plagam
508 386 627 454 gravem
652 373 734 450 lacit,
760 373 819 433 nisi
847 373 942 455 petitio

95 473 148 534 snit
177 486 259 553 apta;
287 492 339 530 nec
363 471 431 529 satis
447 472 524 529 recte
553 467 679 529 declinat
706 467 864 548 impetum,
894 467 943 527 nisi

95 567 182 626 etiam
206 565 238 624 in
259 565 400 640 cedendo,
428 563 498 641 quid
521 564 633 634 deceat,
659 560 808 639 intelligit.
835 566 943 640 ltaque,

96 660 189 739 qualis
212 677 313 717 eorum
337 669 443 733 motus,
458 677 530 734 quos
552 656 749 732 ἀπαλαίστρους
770 654 867 714 Graeci
894 675 940 713 vo·

95 764 173 826 cant,
186 749 251 810 talis
269 749 373 808 horum
388 749 459 808 mihi
480 749 596 807 videtur
609 745 718 822 oratio,
734 745 786 825 qui
797 766 860 805 non
873 747 946 806 clau-

95 845 169 904 dunt
200 843 328 903 numeris
360 843 530 917 sententias;
563 843 732 918 tantquue
770 840 869 922 abest,
900 832 947 912 ut,
969 834 973 843 ¹

96 939 172 1016 quod
194 938 228 1011 ii,
249 937 300 1016 qui
318 936 374 994 hoc
391 948 442 995 aut
471 935 673 1013 magistrorum
694 933 808 1014 inopie,
838 948 889 994 aut
906 934 948 993 in-

96 1031 173 1109 genii
187 1030 337 1108 tarditate,
356 1041 407 1088 aut
423 1029 530 1088 laboris
546 1030 613 1106 fuga
634 1047 694 1087 non
714 1040 783 1087 sunt
804 1028 945 1106 assecuti,

96 1125 190 1183 solent
206 1124 315 1196 dicere,
333 1135 488 1182 enervetur
506 1121 600 1182 oratio
613 1107 824 1200 compositione
842 1123 947 1182 verbo-

96 1236 175 1294 rum,
190 1228 224 1274 ut
243 1216 327 1274 aliter
342 1214 374 1272 in
395 1218 429 1273 ea
448 1235 501 1274 nec
516 1215 641 1294 impetus
653 1213 744 1293 ullus,
758 1234 812 1275 nec
825 1216 871 1276 vis
888 1236 949 1277 esse

96 1307 197 1387 possit.

138 1407 195 1465 Sed
214 1425 347 1483 magnam
368 1405 604 1464 exercitationem
623 1423 669 1464 res
685 1405 808 1483 flagitat,
827 1408 951 1486 nequid

97 1521 210 1579 eorum,
227 1500 277 1578 qui
296 1519 387 1577 genus
403 1499 460 1558 hoc
475 1498 566 1558 secuti
584 1517 643 1557 non
666 1509 841 1578 tenuerunt,
860 1500 951 1560 simile

98 1593 251 1667 faciamus;
279 1613 317 1650 ne
340 1604 389 1650 aut
411 1591 500 1650 verba
522 1589 698 1664 trajiciamus
723 1595 825 1671 aperte
843 1596 865 1669 ¹,
894 1593 951 1672 qud

96 1687 199 1747 melitis
212 1699 262 1747 aut
275 1688 359 1746 cadat
373 1700 422 1746 aut
435 1687 570 1745 volvatur
580 1684 691 1757 oratio;
705 1687 787 1764 quod
799 1707 831 1745 se
842 1692 878 1748 L.
893 1691 951 1746 Cae-

96 1779 152 1838 lius
168 1779 320 1857 Antipater
334 1781 356 1854 ²,
370 1780 400 1838 in
414 1777 556 1857 prooemio
569 1777 638 1836 belli
649 1778 764 1857 Punici,
777 1778 834 1838 nisi
850 1800 950 1840 neces·

97 1871 185 1953 sarid,
205 1873 350 1931 facturum
363 1884 461 1950 negat.
478 1871 610 1930 Ovirum
631 1871 804 1954 simplicem,
827 1874 879 1952 qui
901 1894 951 1934 nos

97 1964 168 2023 nihil
192 1965 280 2038 celet3
304 1965 482 2044 sapientem,
505 1963 556 2042 qui
578 1963 765 2025 serviendum
790 1967 952 2027 necessitati

97 2057 191 2136 putet!
216 2059 272 2118 Sed
289 2057 467 2116 hicomnino
487 2057 579 2116 rudis.
603 2057 692 2116 Nobis
716 2071 813 2118 autem
829 2059 861 2119 in
880 2061 951 2120 scri-

97 2149 204 2223 bendo,
226 2159 312 2226 atque
333 2148 363 2206 in
383 2148 507 2207 dicendo
529 2148 707 2208 necessitatis
727 2152 878 2213 excusatio
895 2174 952 2213 non

98 2241 261 2320 probatur:
281 2240 353 2300 nihil
371 2255 414 2302 est
432 2241 509 2300 enim
529 2262 662 2316 necesse3
679 2254 720 2321 et,
734 2243 759 2302 si
774 2243 846 2323 qnid
867 2259 950 2321 esset,

97 2332 127 2390 id
139 2354 255 2392 necesse
267 2346 364 2393 tamen
376 2355 433 2393 non
452 2347 514 2393 erat
531 2334 674 2394 confiteri.
698 2341 735 2395 Et
754 2336 804 2395 hic
822 2338 951 2416 quidem,

97 2426 147 2501 qui
167 2426 242 2484 hanc
263 2447 281 2484 a
302 2427 401 2508 Laeli0,
425 2429 462 2485 ad
482 2447 568 2504 quem
586 2427 711 2507 scripsit,
725 2428 773 2486 cui
788 2449 819 2488 se
834 2444 951 2511 purgat,

98 2517 212 2575 veniam
233 2518 317 2596 petit,
341 2531 370 2577 et
391 2519 482 2578 utitur
501 2525 535 2578 ea
555 2519 725 2594 trajectione
745 2522 906 2582 verborum
927 2537 953 2583 et

130 2712 152 2753 l.
177 2704 252 2751 Verbo
260 2702 403 2768 trajiciamus
410 2704 496 2765 aperti.
551 2725 565 2749 «
579 2706 637 2766 juris
650 2705 718 2752 valde
729 2707 954 2769 polemianorum

96 2766 191 2813 Ciciron
223 2783 251 2813 ne
275 2777 329 2812 veut
358 2781 399 2826 pas
425 2769 498 2827 qu’on
552 2788 564 2810 a
579 2770 954 2835 ctiam,utL.Cressi,magister.»

98 2840 214 2889 transpose
235 2846 266 2874 un
284 2839 343 2885 mot,
361 2843 390 2873 en
408 2829 498 2874 raissant
550 2832 592 2877 Cet
605 2831 724 2891 historica,
740 2836 917 2894 contempni-ain
927 2837 955 2881 de

98 2891 147 2936 voir
156 2891 285 2937 l‘intention
301 2893 329 2937 de
343 2891 453 2951 produirc
467 2907 498 2936 un
551 2892 644 2952 Scipion
656 2883 763 2953 limilien,
775 2894 811 2939 int
821 2895 957 2943 estimdsur-

96 2955 159 3000 estet.
260 2971 262 2975 ·
551 2965 603 3000 tout
615 2971 675 3016 pour
684 2957 707 3001 la
717 2957 819 3002 rielresse
832 2959 875 3003 des
886 2960 955 3005 doct·

129 3023 152 3064 2.
172 3015 254 3060 Cetius
278 3019 404 3080 Antipater.
432 3015 500 3063 Cice-
550 3028 622 3063 ments
638 3018 695 3079 qu’il
712 3018 775 3063 avait
789 3020 919 3078 recueillis,
935 3031 956 3066 et

98 3095 140 3124 ron
152 3080 174 3124 le
190 3093 281 3122 nomme
295 3095 349 3124 avec
361 3078 427 3141 eloge
443 3082 498 3125 dans
551 3080 638 3140 l‘esprit
654 3081 682 3125 de
696 3079 794 3140 critique
811 3096 868 3128 avec
882 3084 956 3144 lequel

97 3143 118 3187 le
131 3145 216 3187 Brutus
231 3139 276 3202 (ch.
289 3141 358 3200 xxvi)
372 3158 378 3185 ι
392 3159 404 3183 a
414 3143 441 3186 L.
450 3142 498 3187 Cae-
551 3141 568 3187 il
586 3143 647 3186 avait
661 3141 767 3202 apprecitl
781 3143 815 3190 les
833 3145 956 3191 traditione

95 3221 110 3247 a
125 3201 501 3264 liusdntipaterscriptorluit,ttt
529 3210 530 3216 ’
553 3213 683 3250 correntes,
706 3202 761 3248 ’lite
787 3204 845 3250 Lite
872 3207 956 3266 profita

85 3283 101 3310 c
116 3267 264 3329 temporibus
278 3266 341 3326 illis,
359 3265 505 3331 luculentus,
557 3267 683 3326 beaucoup
696 3265 727 3310 tie
739 3262 893 3310 urinantes.
