2070 3524
84 100 113 142 ta
440 90 572 136 ORATOR.

85 225 167 271 acuta
177 208 335 285 sententiis,
343 206 390 266 vel
404 208 441 265 ad
453 204 642 264 offensionem
656 201 833 283 adversarii,
840 202 919 263 velsd
976 232 978 267 1

85 300 363 365 commendationem
383 298 438 360 sui.
471 298 657 358 Narrationes
684 296 854 371 credibiles,
880 314 920 355 net

85 398 235 469 historico,
260 395 311 454 sed
336 396 428 474 prope
441 393 610 471 quotidiano
631 410 769 450 sermone
789 390 936 471 explicat:¹

87 490 221 551 dilucide.
236 486 311 546 Dein
330 488 352 545 si
365 500 465 545 tenues
479 505 583 558 causae,
599 497 660 541 tum
675 484 766 542 etiam
780 502 920 561 argumen-
937 528 944 543 ,-

85 583 166 644 tandi
189 594 275 640 tenue
298 580 378 637 lilum
392 591 421 638 et
433 577 464 636 in
488 576 632 647 docendo,
652 587 683 634 et
703 577 734 633 in
757 575 920 649 refellend03

87 680 174 755 idque
184 676 224 735 ita
236 672 390 746 tenebitur,
405 684 448 743 ut,
467 682 574 748 quanta
588 669 624 727 ad
639 689 713 743 rem,
727 681 811 728 tanta
821 671 859 729 ad
872 688 921 727 ors
944 686 947 691 ·

88 773 194 831 tionem
209 769 258 826 fiat
271 764 425 825 accessio¹.
441 767 536 837 Quum
557 759 626 821 vero
637 781 727 820 causa
740 781 778 821 ea
791 762 921 831 inciderit,

88 866 119 923 in
137 867 195 940 qud
215 861 258 918 vis
283 855 452 935 eloquentiae
465 856 556 935 possit
568 855 712 935 expromi,
728 866 792 915 tum
804 875 837 916 se
854 854 923 915 tatu

89 954 190 1014 sundet
201 964 310 1023 orator,
326 963 386 1008 tum
402 961 483 1026 reget
494 958 522 1005 et
532 945 629 1006 flectet
643 945 768 1024 animos,
784 959 815 1007 et
827 947 868 1007 sio
877 944 924 1007 affi-
951 1008 954 1015 ,

90 1047 157 1119 ciet,
169 1057 201 1103 ut
214 1043 301 1115 volet,
316 1041 347 1100 id
360 1053 413 1112 est,
426 1053 459 1099 ut
472 1061 565 1099 causae
578 1053 682 1100 natura
691 1052 721 1099 et
737 1040 814 1100 ratio
824 1054 925 1122 tempo-

91 1138 130 1197 ris
138 1135 305 1216 postulabit.

130 1232 187 1289 Sed
208 1229 263 1288 erit
288 1228 396 1307 duplex
421 1227 515 1286 omnis
534 1228 599 1308 ejus
612 1239 732 1287 ornatus
745 1227 797 1287 ille
810 1226 928 1289 admits·
959 1226 964 1261 ⁵

90 1322 168 1395 bilis,
195 1336 317 1402 propter
346 1341 431 1398 quem
457 1322 586 1379 ascendit
607 1321 639 1379 in
659 1332 771 1379 tantum
798 1321 929 1381 honoreus

91 1414 265 1492 eloquentia.
292 1419 365 1473 Nam
391 1434 482 1491 quum
509 1413 602 1472 omnis
630 1433 697 1492 pars
722 1413 863 1473 orationis
879 1430 931 1473 esu
965 1412 968 1417 ’

92 1507 177 1567 debet
203 1507 367 1579 laudabilis,
392 1506 433 1565 sic
459 1520 492 1565 ut
519 1507 643 1566 verbum
660 1505 786 1579 nullum,
814 1506 870 1566 nisi
891 1518 933 1567 aut

92 1620 181 1677 grave
195 1612 245 1658 aut
256 1600 383 1678 elegans,
394 1600 537 1675 excidat²;
554 1613 615 1659 tum
631 1613 697 1658 sunt
717 1599 847 1659 maxime
858 1599 935 1659 lumi·
973 1618 978 1657 ¹.

92 1711 180 1766 nosse,
195 1704 223 1750 et
235 1691 318 1770 quasi
332 1693 474 1752 actuosae³
487 1706 584 1771 partes
592 1693 674 1752 duae:
685 1712 812 1770 quarum
823 1693 935 1753 alteram

92 1786 124 1844 iu
134 1785 263 1843 universi
277 1783 391 1863 generis
407 1786 565 1862 quaestione
585 1805 674 1865 pono,
690 1805 790 1865 quam,
805 1800 841 1846 ut
856 1789 937 1867 suprl

95 1877 165 1948 dixi,
193 1877 286 1936 Graeci
308 1878 457 1957 appellant
482 1877 569 1953 tecm
598 1879 719 1937 alteram
744 1876 776 1937 in
804 1880 939 1959 augendis

94 1969 360 2049 amplificandisque
388 1971 486 2044 rebus,
504 1992 567 2049 quae
585 1971 623 2030 ab
645 1971 755 2030 eisdem
781 1969 888 2047 αὔξησις
900 1984 939 2033 est

95 2059 252 2124 nominata.
279 2064 349 2137 Quae
371 2063 424 2122 etsi
449 2062 628 2141 aequabiliter
652 2075 714 2122 toto
738 2083 866 2143 corpore
877 2084 940 2125 ora·

96 2220 337 2343 iifsiliii‘)ffirgss⁰’
351 2222 495 2285 Gdorgiqueq
548 2237 607 2295 eoup
626 2221 706 2328 d’dogpt
723 2230 747 2266 et
762 2223 858 2330 mie,
873 2242 887 2269 s
897 2228 941 2271 Ln-

208 2319 212 2330 ,
549 2298 672 2328 mrnosuse
705 2298 757 2328 rare
840 2301 942 2341 oesenn

131 2317 153 2390 d.
169 2344 284 2390 Accessio.
300 2347 362 2390 Tout
379 2360 405 2390 ee
425 2345 496 2406 qu'on
549 2357 655 2390 actuosus
674 2355 708 2391 est
722 2356 819 2392 souvent
841 2348 944 2410 employl

99 2406 175 2465 ajoute
194 2421 223 2449 au
243 2405 300 2463 sujet
315 2404 365 2450 doit
378 2406 425 2451 esre
440 2423 496 2467 pro-
548 2423 591 2469 par
609 2406 704 2453 ciceron
725 2415 749 2452 et
768 2423 813 2468 par
832 2411 943 2472 seneque.

99 2466 223 2526 portionnd
233 2464 247 2511 la
258 2481 300 2511 son
315 2467 464 2526 importanee.
550 2488 563 2511 α
575 2467 653 2514 Virtus
667 2479 770 2528 actuosa,
786 2480 810 2515 et
822 2471 879 2518 deus
896 2488 945 2520 ves-

132 2535 154 2575 2.
177 2527 287 2575 Excidat.
295 2529 391 2575 Ciodron
400 2530 497 2589 emploie
551 2549 564 2573 α
576 2540 610 2576 ter
619 2530 678 2575 nihil
686 2546 755 2593 agens
766 2549 772 2577 z
784 2547 869 2593 expers
878 2535 946 2581 virtti-

99 2589 152 2649 plus
162 2589 211 2637 loin
226 2590 247 2634 le
264 2599 313 2635 rnot
324 2601 392 2635 exeat
406 2592 446 2652 qui
461 2608 497 2638 se-
551 2611 563 2635 n
576 2591 822 2655 tisigitur.»(Ciedron
837 2596 946 2645 delardu-

101 2650 146 2695 rait
156 2652 208 2709 plus
226 2651 343 2697 eonlorme
354 2668 383 2696 au
393 2667 444 2699 sens
456 2655 497 2716 ge·
549 2664 600 2698 ture
608 2655 648 2699 des
658 2657 742 2710 Dieux,
753 2658 771 2714 l,
780 2630 831 2718 mi
844 2678 857 2703 s
864 2660 946 2705 Noster

100 2712 162 2756 ndral
184 2713 213 2758 de
231 2712 253 2756 la
273 2714 363 2773 phrase.
385 2715 498 2761 Excidere
551 2734 564 2758 «
576 2715 664 2761 animus
675 2716 699 2762 in
709 2726 825 2781 motuest,
834 2721 864 2764 ed
873 2721 946 2767 mobi-

101 2772 190 2835 signifie
211 2773 286 2855 plutdt
305 2774 425 2839 e'cltupper‚
443 2778 499 2823 dans
551 2777 620 2823 «lior
633 2788 656 2824 et
669 2778 791 2839 actuosior,
812 2783 861 2841 quii
878 2785 947 2830 vehe-

100 2834 121 2879 le
132 2848 182 2879 sens
196 2834 265 2880 dune
280 2836 359 2895 parole
370 2837 454 2901 legire,
468 2856 498 2886 ou
551 2840 674 2885 «mentior
695 2840 771 2886 luerit.
790 2859 804 2883 n
824 2844 947 2906 (seneque,

101 2895 173 2956 qu'on
183 2896 221 2940 n’s
237 2898 373 2956 puretenir.
522 2902 525 2909 '
549 2892 648 2963 Epitres,
670 2903 770 2964 xxm.)
793 2905 884 2952 Horaoe
899 2923 947 2953 em·

132 2961 155 3007 3,
177 2960 305 3004 luminosae
327 2970 349 3005 et
370 2965 437 3022 quasi
457 2980 499 3008 ac·
549 2963 611 3025 ploie
622 2963 678 3008 dans
689 2965 711 3009 le
721 2966 793 3010 meme
801 2981 854 3012 sens
861 2969 948 3028 agilis:

101 3028 178 3068 tuosoe.
207 3022 270 3067 Nous
296 3021 374 3069 disons
397 3026 452 3073 dans
477 3026 499 3072 le
552 3025 952 3086 «Nnnengilislioeunersore'ss's-

93 3082 168 3130 Mme
176 3098 229 3131 sens
239 3103 247 3133 ,⁴
259 3084 328 3133 «Son
337 3088 398 3151 stylo
408 3106 421 3137 s
432 3090 503 3137 ltetttt·
558 3074 970 3142 ‹sllbusund'ssmlsspitres,lffilssR
