2070 3524
414 202 547 248 ORATOR.
859 203 899 247 131

52 323 176 396 gratiam
202 322 318 396 quoque
343 319 430 377 habet
453 318 595 390 oratori¹,
620 316 762 396 voluptati
790 316 904 377 aurium

53 412 202 471 servienti.
223 415 319 471 Genus
341 425 437 472 autern
459 413 515 471 hoc
537 411 677 471 orationis
698 430 792 489 neque
811 424 904 470 totum

53 507 257 564 assumendum
275 507 373 565 estad
393 526 493 565 causas
513 507 659 582 forenses,
673 525 766 582 neque
786 505 904 564 omnino

54 598 278 676 repudiandum.
292 599 321 657 si
333 598 409 657 enim
419 619 533 677 semper
542 611 636 670 utare,
645 619 733 675 quum
744 598 903 658 satietatem

54 691 150 763 affert,
164 703 238 763 tum,
253 693 337 769 quale
350 691 399 763 sit,
414 692 500 750 etiarn
514 692 551 750 ab
569 690 709 770 imperitis
726 693 902 768 agnoscitur.

55 783 187 865 Detrahit
205 797 345 864 practerea
368 785 490 843 actionis
517 785 660 859 dolorem,
684 785 778 843 aufert
796 784 905 844 huma·

56 897 126 936 num
157 896 272 935 sensum
290 876 427 947 actoris²‚
451 875 525 935 tollit
549 876 679 935 funditus
704 875 855 938 veritatem
877 890 907 938 et

56 972 154 1031 fidem.

97 1065 165 1137 Sed,
173 1063 310 1143 quoniam
323 1064 487 1123 adhibenda
500 1084 708 1142 nonnunquam
717 1077 771 1141 est,
779 1065 907 1146 primurn

58 1158 216 1217 videndum
230 1170 284 1231 cst,
299 1178 358 1236 quo
370 1158 449 1231 loco,
464 1157 569 1218 deinde
587 1164 676 1237 quam
690 1157 741 1217 diu
757 1159 907 1241 retinenda

60 1251 111 1323 sit,
139 1263 201 1309 tum
224 1263 297 1329 quot
321 1250 414 1308 modis
434 1252 650 1311 commutanda.
674 1251 845 1312 Adhibenda
865 1267 908 1313 cst

58 1343 148 1420 igitur
160 1363 314 1401 numerosa
326 1342 432 1414 oratio,
448 1342 472 1401 si
484 1356 534 1402 aut
548 1343 725 1402 laudandum
739 1357 783 1404 cst
800 1346 908 1424 aliquid

60 1435 203 1507 ornatids,
215 1447 248 1493 ut
260 1454 326 1507 nos,
341 1433 372 1492 in
385 1433 585 1494 Accusationis
599 1438 744 1510 secundo,
758 1439 795 1496 de
807 1438 908 1498 Siciliae

61 1528 163 1586 laude³
185 1527 328 1600 diximus3
349 1538 383 1586 ut
406 1526 438 1586 in
457 1539 559 1586 senatu
581 1528 618 1587 de
641 1529 792 1589 consulatu
813 1531 907 1605 meo⁸;

61 1632 111 1679 aut
120 1623 291 1701 exponenda
302 1620 442 1696 narratio,
452 1618 516 1698 quae
525 1621 592 1700 plus
599 1620 746 1699 dignitatis
753 1622 908 1703 desiderat,
923 1619 925 1624 ’

61 1716 150 1793 quam
168 1712 291 1787 doloris,
307 1725 351 1787 nt,
368 1713 399 1772 in
417 1725 522 1792 quarto
540 1713 754 1790 Accusationis,
769 1717 807 1776 de
827 1721 909 1777 Hen-

94 1917 117 1958 l.
140 1912 244 1957 Gratiam
276 1911 364 1974 quoqu)
392 1911 459 1958 habet
544 1919 566 1958 2.
599 1915 730 1958 Humanum
757 1927 856 1969 sensum,
879 1912 910 1958 les

61 1975 156 2019 oratori.
184 1978 297 2020 Personne
317 1976 356 2020 n'a
382 1974 458 2021 miaux

62 2035 164 2096 exprimi
174 2051 220 2096 quc
227 2035 305 2082 Tacite
317 2045 376 2082 cette
386 2037 460 2096 jorda·

63 2113 129 2143 sance
143 2098 264 2144 interieure
274 2113 321 2158 que
334 2099 411 2144 donne
422 2098 459 2144 l'e·

62 2161 188 2220 loquence:
200 2159 323 2222 «Vulgata
335 2158 459 2204 dicentium

64 2241 78 2265 α
90 2220 185 2283 gaudia,
197 2230 221 2265 et
234 2219 392 2280 imperitorum
402 2236 461 2281 quo·

64 2303 77 2326 «
90 2283 136 2344 qula
154 2281 225 2328 oculis
247 2282 350 2343 exposita
368 2297 461 2344 percen-

65 2366 77 2388 «
89 2360 137 2391 seo.
150 2345 191 2390 Illa
201 2344 331 2402 secretiora,
339 2353 363 2391 et
372 2345 460 2390 tantiam

67 2407 146 2468 «ipsis
159 2407 278 2452 orantibus
292 2416 359 2467 nota,
376 2408 461 2468 majora

64 2473 152 2518 «sunt.
176 2469 228 2515 Sive
245 2479 371 2515 accuratam
391 2469 462 2515 medi·

65 2553 77 2574 u
90 2541 207 2592 tatamque
227 2529 295 2578 allert
314 2531 460 2590 orationem,

65 2614 77 2637 ι
89 2605 123 2640 eat
133 2594 251 2668 quoddam
264 2593 323 2639 sicut
331 2593 404 2655 ipsius
415 2592 463 2640 dio-

66 2676 78 2697 «
90 2656 174 2712 tionis,
189 2657 221 2702 ita
239 2654 319 2719 gandii
335 2656 428 2717 pondua
439 2665 463 2701 ct

66 2738 79 2759 a
90 2718 241 2766 constantia:
265 2717 312 2763 aiva
336 2733 418 2762 novam
440 2727 464 2763 et

67 2789 206 2825 «recentem
233 2796 310 2826 curam
337 2795 386 2826 non
414 2779 462 2826 sind

67 2841 168 2901 «aliqui
205 2842 358 2903 trepidatione
393 2843 463 2888 animi

67 2922 78 2945 ι
92 2902 199 2962 attulerit,
206 2904 256 2964 ipsa
264 2904 394 2951 sollicitudo
402 2920 463 2950 oom-

68 2985 80 3007 α
92 2965 187 3009 mandat
198 2975 313 3025 eventum,
320 2966 464 3012 etlenocina·

68 3047 80 3069 a
94 3036 131 3071 tur
147 3027 266 3087 voluptati.
283 3030 326 3076 Scd
347 3039 464 3090 extempo-

67 3086 146 3133 aralis
173 3089 272 3135 audacio
297 3101 366 3152 atqua
393 3091 464 3152 ipaina

511 1974 643 2020 sentimenta
647 1973 688 2034 qui
698 1972 871 2021 conviennentla
879 1991 910 2019 un

512 2037 612 2083 homme.
637 2055 651 2080 «
667 2038 701 2086 Ut
714 2036 790 2083 oratio
813 2037 911 2082 admira·

513 2116 526 2142 α
538 2098 598 2156 bilis,
611 2109 636 2143 ut
645 2098 718 2159 polita
730 2098 769 2155 sit,
783 2109 809 2144 ut
822 2114 908 2157 sensus,

514 2159 656 2205 cntdoloras
662 2160 751 2206 habeat.
766 2178 780 2203 u
797 2159 841 2221 (De
855 2161 910 2206 l'O-

511 2232 599 2280 rateur,
620 2223 671 2278 111,
684 2221 756 2282 ω.)
769 2223 909 2277 -Actoris,

504 2283 608 2329 ‚l’avocat
627 2282 668 2344 qni
694 2282 778 2342 plaido.
793 2301 806 2325 u
821 2283 911 2329 Moloni

514 2362 528 2388 α
539 2344 633 2391 Rhodio
643 2354 667 2390 ct
677 2344 751 2390 actori
759 2360 848 2391 summo
859 2361 911 2391 cau-

514 2422 614 2453 «samm
629 2417 653 2452 at
665 2406 783 2468 magistro.
801 2408 909 2470 (Brutus,

514 2468 628 2532 mm.)
645 2470 680 2515 En
688 2469 795 2532 gdndral,
811 2486 843 2515 on
857 2485 910 2516 oon·

513 2531 581 2577 struit
603 2541 666 2576 actor
683 2547 737 2577 avec
759 2547 791 2577 un
809 2531 911 2592 eomple—
943 2558 944 2562 =

514 2603 588 2653 ment;
599 2594 727 2656 cepandant
737 2593 865 2652 Quintilian
876 2593 911 2639 dit

515 2655 573 2701 aussi
589 2669 595 2703 :
610 2673 624 2699 c
636 2657 692 2713 Quae
705 2665 740 2701 est
755 2655 815 2701 enim
829 2655 911 2702 actoris

516 2717 645 2776 «infantia,
658 2716 709 2779 qui,
718 2727 763 2764 etc.
777 2737 791 2761 a
807 2716 911 2780 (Institu-

516 2785 575 2825 tione
584 2781 708 2839 Oratotres,
722 2781 763 2839 Vl,
775 2779 804 2842 1.)

547 2846 571 2891 ³.
611 2845 647 2888 De
667 2841 750 2887 Sicilia
774 2841 852 2890 laude.
879 2844 911 2890 Ce

516 2919 610 2966 passage
634 2919 658 2950 sa
682 2913 763 2951 nonve
789 2921 819 2950 an
840 2905 911 2950 dabut

517 2966 634 3012 mtmedn
643 2966 707 3013 livre.

549 3033 572 3076 t.
585 3031 621 3074 De
644 3027 763 3076 consulatu
782 3047 840 3076 meo.
852 3029 912 3077 Cice·
932 3070 934 3073 .

517 3107 572 3148 ron,
579 3089 644 3137 ison
650 3101 732 3137 retum
744 3090 853 3136 dalaia
860 3101 930 3142 ,oxo-

68 3149 276 3198 caementariam
296 3153 412 3217 precipua
431 3154 467 3216 ju·
522 3169 603 3218 nonna
621 3154 688 3200 deux
703 3153 815 3198 discum
830 3143 955 3186 &asim

64 3231 77 3256 ι
88 3211 192 3258 cauditus
205 3220 247 3258 eat.
260 3231 274 3259 ι
302 3279 305 3285 ¹
530 3219 559 3266 ὰς
571 3214 739 3283 grloes,l‘un
758 3210 855 3253 dcam
863 3202 895 3242 Xe
907 3206 972 3250 qau-
