2070 3524
428 213 561 261 emon.
889 216 917 258 97

10 354 21 407 ;-
62 329 128 384 Hoc
145 327 224 384 idem
246 324 337 383 nostri
362 323 467 403 saepids
489 345 548 384 non
565 325 706 396 tulissent,
733 327 812 405 qnod
826 330 916 387 Graeci

10 414 21 475 .“
62 419 185 479 laudare
192 419 281 478 etiam
288 417 391 479 solent.
403 420 460 478 Sed
470 419 543 495 quid
553 438 607 496 ego
618 420 747 478 vocales?
761 421 823 478 sine
833 442 919 481 voca·

17 526 34 577 J.
62 512 139 571 libus
154 531 231 591 saepe
242 511 389 570 brevitatis
401 511 502 571 causa¹
514 514 734 584 contrahebant,
748 527 780 572 ut
789 514 830 573 ita
840 516 918 575 dice-

63 619 141 676 rent,
159 631 173 658 α
190 604 424 678 multimodis»
448 607 532 664 «vas’
547 607 701 684 argenteis,
717 633 731 660 >›
749 608 874 686 «palmi'
889 623 917 668 et
999 628 1001 632 ·

13 704 18 757 .'
63 695 206 769 crinibus,
217 721 231 748 >›
246 697 346 755 «tecti'
355 697 489 755 fractis.»
504 698 579 772 Quid
588 695 659 756 verd
672 697 815 767 licentius,
829 701 917 777 qnam

63 788 299 869 quddhominum
307 788 745 867 etiamnomiuacontrahebant,
754 791 812 869 qud
821 805 916 851 essent

10 900 20 953 g
64 882 195 964 aptiora?
209 904 276 942 nam
291 895 323 942 ut
339 910 353 936 r
370 883 509 953 duellum,
527 908 540 937 ι
561 883 694 941 «bellum
708 908 721 936 s
737 897 766 943 et
782 909 796 937 «
811 884 886 960 duis,
898 911 912 940 s

67 976 147 1051 «bis,
158 1002 172 1029 ι
190 977 229 1034 sic
241 1003 252 1027 ι
263 976 426 1034 Duellium²
436 1001 450 1029 a
465 996 543 1048 eum,
563 977 614 1054 qui
623 981 726 1035 Poenos
735 977 825 1036 classe
838 979 916 1036 devi-

64 1070 113 1145 cit,
132 1094 147 1122 α
158 1069 282 1127 Bellium
300 1095 312 1122 s
332 1067 565 1148 nominaverunt,
582 1090 672 1147 quum
684 1069 847 1149 superiores
860 1092 915 1152 ap-

10 1154 18 1169 ''
63 1161 164 1243 pellati
178 1175 275 1221 essent
295 1183 409 1242 semper
427 1187 439 1218 α
457 1162 574 1222 Duellii.
594 1191 605 1214 ι
626 1163 701 1238 Quin
721 1163 807 1222 etiam
826 1165 915 1223 verba

10 1262 12 1271 '
63 1276 139 1336 saepe
162 1256 389 1331 contrahuntur,
412 1276 471 1314 non
497 1260 564 1314 usus
584 1262 688 1331 causti,
715 1259 766 1316 sed
788 1260 912 1320 aurium.

10 1386 13 1415 ;
63 1350 215 1426 Quomodo
229 1349 306 1408 enirn
319 1361 413 1408 vester
427 1349 575 1429 «Axilla³‚
595 1375 609 1402 s
626 1375 639 1402 r
655 1348 711 1410 Ala
727 1375 741 1403 a
757 1351 847 1408 factus
860 1364 912 1423 est,

62 1441 117 1502 nisi
138 1442 206 1519 luga
227 1441 330 1500 litterae
350 1445 518 1501 vastioris‘r’
540 1461 627 1519 quam
649 1441 774 1500 litteram
792 1443 878 1502 etiam
897 1464 914 1503 e

93 1681 116 1720 l.
142 1673 265 1720 Brevitatis
288 1673 371 1729 carrd,
400 1689 460 1734 pour

60 1752 125 1845 ²¹3¹?
138 1735 389 1853 ttttlllflllt,
405 1798 460 1843 ru.

62 1871 155 1908 ventenr
174 1860 206 1904 du
225 1860 334 1919 corbeau,
352 1870 413 1905 sorte
431 1861 461 1906 de

61 1923 169 1984 plancher
190 1920 239 1982 qui,
261 1921 364 1967 tombant
383 1938 423 1967 sur
439 1923 460 1967 le

10 2006 13 2011 ·
61 1985 160 2031 vaisseun
170 1983 269 2042 cunemi,
279 1986 314 2044 s'y
325 1983 459 2041 accrochait,

60 2058 83 2094 et
102 2044 259 2094 convertissait
278 2062 308 2092 en
325 2062 356 2091 un
371 2046 461 2092 combat

60 2111 89 2157 de
102 2120 164 2156 terre
176 2122 220 2152 une
229 2107 318 2154 bataille
326 2108 412 2153 navale.
424 2110 461 2154 On

60 2188 140 2218 trouve
151 2170 202 2231 plus
213 2181 309 2216 souvent
318 2170 422 2217 Duillius
431 2186 462 2215 ou

59 2235 165 2282 Duilius.

90 2303 115 2342 ³.
124 2295 217 2351 Axilla,
229 2311 257 2340 au
264 2310 351 2357 propre
356 2294 459 2341 aisselle.

59 2361 103 2405 [es
116 2356 240 2403 historiens
255 2357 356 2404 derivent
372 2356 459 2403 Alata.

59 2421 120 2467 C'est
132 2421 155 2467 le
165 2435 260 2465 suruom
271 2421 301 2466 de
310 2421 336 2466 C.
344 2418 458 2478 Servilius,

59 2484 142 2529 maltre
163 2484 194 2528 de
214 2482 237 2527 lu
260 2481 383 2539 cavalerie,
404 2480 458 2542 qui,

59 2561 99 2590 sur
111 2545 198 2591 l'ordre
208 2545 238 2590 de
250 2543 408 2600 Cincinnatus,
421 2553 461 2587 tna

60 2609 90 2653 de
103 2623 128 2653 sa
141 2621 228 2667 propre
239 2605 301 2652 main
314 2608 355 2666 Sp.
367 2604 458 2662 Melius,

59 2679 141 2715 auteur
148 2668 257 2714 d’uucloi
265 2668 362 2731 ngraire.
377 2667 421 2728 (An
431 2668 460 2712 de

60 2735 135 2778 Rome
151 2730 216 2791 347.)
233 2733 315 2776 Brutus
329 2729 461 2776 descendait

60 2795 90 2840 de
106 2792 215 2839 Servilius
231 2809 274 2853 par
288 2809 312 2838 sa
330 2793 391 2838 mere
407 2794 459 2838 Ser·

61 2855 127 2913 vilia,
144 2865 167 2901 et
184 2857 215 2912 Q.
232 2854 338 2900 Servilius
355 2853 458 2913 Cepion,

60 2917 122 2964 frere
135 2918 166 2963 de
175 2933 199 2962 sa
207 2917 276 2976 mere,
284 2915 458 2975 l'avaitadopte.

94 2984 118 3024 t.
138 2980 232 3026 Litteras
257 2980 373 3038 vastioris,
394 2979 461 3023 lettre

60 3053 115 3103 trop
126 3043 185 3088 dure
198 3041 211 3087 ia
222 3056 360 3101 pronoueer.
377 3042 462 3086 Vastus

60 3106 120 3151 dans
136 3119 163 3151 ce
178 3117 240 3161 sens,
257 3119 317 3149 assez
333 3119 384 3149 rare
396 3101 461 3147 d‘ail·

515 1671 621 1732 ciceron,
631 1673 660 1718 de
670 1671 796 1732 l’Orateur,
808 1673 830 1732 l,
839 1688 892 1720 xxv
905 1691 912 1722 s

517 1737 599 1782 «Sunt
615 1734 709 1796 quidam
729 1745 768 1780 ant
787 1735 819 1780 ita
833 1735 914 1799 lingui

517 1816 528 1839 a
542 1797 911 1856 haesitantes,autitavuceabsoni,

516 1877 530 1902 α
542 1859 681 1904 autitavultu
693 1869 802 1920 motuque
810 1860 914 1919 corporis

517 1940 531 1963 α
543 1921 599 1967 vasti
615 1933 638 1967 et
649 1932 760 1983 agrestes,
773 1931 813 1981 ut,
825 1921 913 1967 etiamsi

517 1983 641 2046 «ingeniis
659 1994 727 2044 atque
747 1994 794 2030 arte
812 1984 911 2043 valeant,

518 2065 531 2088 t(
542 2056 618 2091 tamen
630 2062 655 2090 sn
670 2056 785 2091 oratorum
794 2061 913 2092 numerum

517 2126 531 2151 u
542 2108 621 2153 venire
635 2124 683 2153 non
701 2108 796 2168 possint.
812 2128 825 2151 u
842 2109 913 2154 Aulu-

517 2170 589 2227 Gelle,
604 2171 676 2227 Xlll,
703 2186 757 2215 xx:
777 2188 789 2214 u
807 2170 914 2218 Ciceroni

517 2250 531 2275 u
545 2231 634 2277 mollius
647 2231 785 2292 teretiusque
801 2231 873 2276 visum
888 2232 912 2280 in

517 2313 530 2338 α
543 2293 625 2354 quinti
651 2293 676 2338 in
695 2294 791 2338 Verrem
814 2294 914 2340 scribere

517 2375 531 2400 «
542 2365 680 2418 perangusto
691 2354 750 2401 fretu
764 2355 844 2400 divisa.
858 2357 914 2403 Erat

516 2437 529 2461 «
542 2418 603 2465 enim
618 2417 713 2464 crassius
728 2416 857 2479 vastiusque
874 2434 913 2478 pe·

516 2499 530 2524 u
541 2491 649 2543 rungusto
660 2479 719 2526 freto
732 2479 814 2526 dicere.
823 2499 836 2523 u
849 2482 913 2526 Cettc

513 2543 570 2589 lutte
583 2543 682 2605 engagee
698 2552 777 2588 contre
787 2542 809 2586 la
821 2543 913 2588 rudcsse

515 2611 546 2650 du
560 2621 627 2651 vreux
640 2620 736 2666 rungage
753 2603 855 2661 romain,
872 2605 913 2648 du-

514 2667 558 2714 ruit
573 2666 654 2727 depuis
665 2667 793 2728 longtemps
803 2676 840 2721 ;et
851 2667 912 2726 quel·

515 2745 571 2790 ques
588 2728 670 2789 esprits
683 2727 808 2790 distingues
821 2727 913 2773 s'obsti·

514 2791 592 2837 ualent
607 2792 620 2835 a
633 2790 718 2837 retenir
730 2790 913 2837 non-seulement

514 2854 643 2899 l’ancienne
653 2853 744 2915 langue,
760 2851 816 2898 mais
832 2867 913 2898 encore

515 2917 536 2962 le
561 2917 618 2961 rude
640 2925 718 2961 arcent
742 2917 782 2961 des
804 2915 914 2974 premicrs

516 2978 577 3040 dges.
587 2996 600 3019 ι(
608 2979 744 3038 Cotta,quia
754 2977 848 3023 sevaldi
859 2977 914 3021 dilu-

517 3058 530 3082 «
543 3039 619 3085 tandis
637 3039 719 3084 litteris
736 3056 750 3085 n
767 3038 914 3084 similitudine

518 3121 532 3145 «
542 3103 630 3148 Graecoe
636 3101 764 3148 locutiuu'xs
769 3102 926 3150 ausuram,

57 3166 129 3222 leurs,
145 3163 264 3223 s’emploie
279 3182 342 3227 pour
356 3167 389 3213 les
406 3181 464 3228 per·
523 3184 537 3210 a
548 3165 696 3226 sonabatque
723 3159 874 3209 cummium
895 3158 942 3198 Qn-

50 3240 135 3270 sonues
148 3241 237 3272 comme
245 3242 311 3286 pour
322 3229 358 3276 les
370 3229 464 3278 chous
528 3250 543 3275 u
554 3230 620 3289 tulo,
628 3228 773 3275 subarrestc
781 3211 960 3282 mimmii&

831 3296 853 3342 'l
