2070 3524
104 300 146 341 {80
459 297 593 345 ORATOR.

101 433 207 491 genere
221 414 265 474 uti
281 426 426 493 oporteat.
440 413 590 472 Postremd
607 411 696 471 totius
714 413 835 489 generis
853 414 953 474 utilitas

102 507 272 586 explicanda
292 519 353 581 est,
377 528 440 585 quae
460 506 577 586 quidem
596 517 677 584 patet
700 506 789 564 latius
813 528 820 566 τ
840 529 899 566 non
921 510 951 566 ad

101 620 189 658 unam
207 598 284 658 enim
313 619 375 658 rem
396 600 539 678 aliquam,
565 600 617 658 sed
639 599 676 656 ad
709 599 813 678 plures
843 620 952 660 accom-

102 694 247 751 modatur.

91 854 96 865 l
142 793 185 844 Ac
210 785 278 845 licet
304 806 363 845 nou
391 788 428 845 ad
450 787 576 864 singulas
601 807 648 847 res
668 788 897 866 respondentem
922 797 953 845 de

102 880 350 957 universogenerc
363 880 404 939 sic
416 879 525 952 dicere,
539 892 571 938 ut
587 880 674 940 etiam
688 879 812 957 siugulis
826 879 895 940 satis
909 902 953 940 re-

103 994 240 1053 sponsum
255 993 316 1031 esse
330 973 475 1032 videatur.
489 973 618 1032 Remotis
632 973 722 1051 igitur
734 973 859 1051 reliquis
873 995 954 1053 gene·

103 1067 194 1137 ribus,
219 1086 308 1124 uuum
333 1066 486 1143 selegimus
507 1066 576 1138 hoc,
599 1066 678 1144 quod
704 1065 736 1124 in
764 1067 862 1127 causis
880 1069 954 1126 foro-

104 1181 160 1238 que
179 1171 327 1230 versatur,
349 1160 462 1236 dequo
483 1159 656 1219 diceremus.
677 1161 758 1241 Ergo
776 1158 809 1218 iu
828 1159 906 1243 aliis,
926 1161 953 1218 id

105 1266 147 1313 est
156 1251 340 1326 inhistoria¹‚
353 1253 417 1312 etin
425 1273 473 1327 eo,
484 1256 563 1331 quod
575 1253 757 1332 appellamus
765 1253 951 1326 ἐπιδεικτικόν,

103 1349 199 1430 placet
219 1346 317 1405 omnia
332 1346 390 1405 dici
408 1353 554 1406 Isocrateo
574 1347 843 1426 Theopompeoque
863 1369 952 1420 more,

103 1441 152 1499 illa
165 1438 431 1519 circumscriptione
445 1440 625 1517 ambituque,
642 1450 675 1505 ut
686 1450 827 1518 tanquam
841 1441 872 1500 in
885 1443 952 1500 orbe

104 1534 214 1592 inclusa
227 1545 325 1590 currat
345 1532 452 1604 oratio,
466 1533 564 1610 quoad
579 1531 692 1591 insistat
704 1531 736 1591 iu
751 1532 873 1612 singulis
884 1556 950 1614 per·

105 1625 186 1684 fectis
203 1625 398 1703 absolutisque
412 1625 572 1684 sententiis
588 1630 692 1702 Itaque
705 1638 898 1705 posteaquam
912 1641 952 1685 est

104 1730 171 1777 nata
187 1718 249 1776 haec
263 1717 309 1776 vel
327 1717 574 1796 circumscriptio,
590 1716 634 1775 vel
652 1717 893 1797 comprehensio,
909 1720 949 1778 rel

105 1810 301 1882 continuatio,
318 1810 364 1869 vel
385 1811 521 1884 ambitus,
537 1811 561 1869 si
578 1810 616 1869 ita
633 1810 702 1868 licet
720 1810 820 1871 dicere
836 1833 843 1870 ε
858 1832 952 1882 uerno,

104 1905 155 1985 qui
167 1903 265 1981 aliquo
275 1917 349 1964 esset
364 1904 395 1963 in
409 1926 544 1977 numero,
560 1903 676 1983 scripsit
688 1905 855 1964 orationem
865 1924 951 1983 gene·

106 1999 145 2056 ris
163 1997 241 2070 ejus,
260 2000 339 2074 quod
353 2011 427 2057 esset
444 1999 482 2056 ad
500 1997 723 2057 delectationem
738 2011 952 2078 comparatum,

105 2101 304 2166 remotumque
327 2110 344 2147 a
365 2091 480 2164 judiciis
504 2091 667 2168 forensique
684 2092 864 2166 certamine,
887 2092 953 2169 quin

105 2184 248 2261 redigeret
264 2203 363 2242 omnes
377 2185 437 2242 fere
452 2184 482 2243 iu
499 2186 643 2263 quadrum
657 2204 873 2263 numerumque
888 2206 953 2244 seu-

105 2276 219 2336 tentias.
232 2279 305 2335 Nam
320 2298 409 2355 quum
426 2277 451 2336 is
464 2289 508 2336 est
523 2278 650 2351 auditor,
663 2277 714 2356 qui
734 2299 796 2338 uon
809 2292 952 2350 vereatur,

105 2391 140 2428 ue
159 2370 324 2448 compositae
346 2371 485 2430 orationis
501 2371 613 2430 insidiis
628 2391 681 2429 sua
696 2372 770 2430 fides
787 2385 952 2443 attentetur,
989 2358 994 2369 ’

137 2562 159 2601 t.
171 2558 202 2600 In
221 2554 324 2600 historia.
343 2557 470 2614 Quintilieu
488 2575 501 2603 a

103 2618 232 2664 commente'
250 2632 276 2662 ce
290 2633 385 2681 passage
400 2620 430 2664 de
441 2620 503 2665 Cict'e·

103 2697 165 2727 rou:
181 2701 193 2721 a
206 2679 306 2725 Historia
321 2696 368 2725 nou
386 2690 433 2725 tam
453 2682 504 2726 lini-

105 2752 165 2787 «tos
185 2758 306 2803 nanterus,
327 2743 396 2803 quim
423 2744 501 2789 orbem

105 2822 117 2845 α
132 2804 254 2874 quemdam
274 2813 452 2866 contextumque
465 2808 501 2852 de·

106 2866 222 2910 «suderat.
240 2869 344 2926 Namque
363 2869 439 2912 omnia
455 2870 501 2928 ejus

105 2945 117 2969 α
130 2926 232 2971 membra
244 2944 347 2974 connexa
364 2941 430 2984 sunt,
445 2947 501 2991 quo·

104 3007 117 3031 a
130 2987 191 3032 niam
207 2989 293 3035 lubrica
305 3002 337 3036 est
356 3008 383 3038 ac
397 2992 461 3051 fluit;
476 3003 502 3038 ut

104 3070 117 3094 a
130 3048 246 3106 homines,
263 3052 303 3111 qui
320 3054 424 3100 manibus
443 3054 501 3100 invi-

104 3135 117 3158 «
128 3128 177 3160 oem
188 3113 334 3174 apprehensis
349 3117 444 3177 gradum
459 3117 500 3161 lir-
529 3142 530 3151 π

103 3196 116 3220 u
127 3185 204 3237 ruant,
218 3173 337 3221 continent
346 3187 370 3223 et
382 3179 500 3224 continen-

93 3258 109 3282 «
121 3249 167 3290 tur.
192 3239 411 3288 Demonstratlvum
431 3257 504 3306 genus

84 3320 100 3346 u
111 3317 185 3349 omas
198 3303 303 3353 fusiores
320 3304 393 3354 hahet
412 3305 509 3353 liberio·

556 2576 570 2602 tr
581 2573 662 2620 resque
672 2575 786 2608 numeros.
800 2578 814 2604 s
827 2559 953 2619 Quintilieu

557 2621 633 2667 donne
644 2621 747 2682 ailleurs,
761 2621 776 2668 h
789 2638 878 2684 propos
890 2624 920 2669 de
933 2625 953 2668 la

556 2684 685 2743 namatiou,
697 2701 728 2728 un
744 2686 831 2730 conseil
847 2685 888 2746 qui
897 2687 955 2746 s'ap·

554 2745 635 2806 plique
649 2746 709 2791 aussi
727 2745 782 2792 bien
796 2745 810 2792 'a
822 2745 951 2807 l‘histoire3

555 2807 572 2852 il
587 2809 747 2853 recommends
768 2809 912 2868 d'employer
923 2811 953 2854 les

555 2869 687 2915 substantiis
712 2871 741 2914 de
759 2869 892 2928 pretam
909 2887 952 2916 arix

555 2931 644 2990 verbes,
657 2930 793 2978 cest-adire
808 2933 839 2978 (le
848 2933 954 2997 meuager

554 2992 656 3054 l’emploi
675 2995 714 3039 des
730 2993 819 3054 verbes,
843 2995 873 3040 de
896 3011 953 3056 peut
971 2997 976 3051 ζ

553 3072 599 3117 que
611 3056 631 3100 la
653 3056 735 3115 phrase
746 3055 803 3100 u'ait
823 3056 877 3116 plus
887 3057 954 3102 d‘eld·

553 3119 631 3163 vation
648 3132 693 3177 que
718 3117 747 3163 da
768 3117 901 3177 simplicite.
923 3120 953 3165 Ce

552 3181 658 3240 pricepte
668 3177 723 3223 bien
744 3177 856 3240 compris,
877 3189 900 3225 ct
911 3195 952 3241 ap-

557 3241 639 3350 pli'que
648 3254 704 3284 auec
707 3241 873 3298 prudentem
879 3243 952 3286 suel-

602 3315 622 3351 ln
