2062 3510
432 201 564 249 ORATOR.
902 207 932 247 aa

75 326 242 374 ceterarum
261 331 359 373 rorum
376 315 576 373 dissimilitudo
596 313 717 392 intelligi
731 333 790 373 nou
811 326 930 394 potest:

75 410 130 466 sed
142 407 174 466 id
188 426 242 465 nec
263 404 454 478 dubiumst,
468 420 512 482 et,
528 406 552 465 si
567 407 637 485 quid
651 406 740 466 habet
752 405 931 486 quaestionis,

74 501 133 559 hoc
147 512 247 559 tamen
264 497 360 579 ipsum
379 502 416 559 ad
431 501 478 572 id,
499 501 577 578 quod
594 499 776 581 propositum
798 512 859 571 est,
874 518 932 558 non

76 605 122 652 est
134 593 340 653 necessarium.

119 684 271 766 Sejunctus
287 685 376 763 igitur
389 699 488 746 orator
501 706 519 744 a
533 686 773 766 pbilosophorum
788 687 931 766 eloquen-

80 780 137 852 dd,
157 797 176 837 a
194 779 404 858 sophistarum,
424 779 461 837 ab
484 778 706 850 historicorum,
724 799 742 837 a
761 791 930 858 poetarum,

77 870 269 950 explicandus
287 884 330 931 est
343 870 443 942 nobis,
457 871 550 951 qualis
563 873 678 931 futurus
692 872 738 933 sit.

75 1115 130 1166 Des
138 1114 304 1184 troisgenres
316 1111 350 1165 de
359 1115 436 1185 style.
445 1114 482 1166 Le
490 1115 593 1186 simple,
604 1118 628 1168 le
637 1115 763 1188 tempdre,
774 1118 798 1170 le
806 1117 930 1171 sublime.

194 1192 409 1248 Convenancesir
423 1194 547 1247 observet
560 1194 626 1248 dans
638 1196 698 1249 leur
708 1194 817 1267 emploi.

52 1442 60 1448 -
117 1375 189 1434 XII.
210 1371 273 1431 Erit
296 1370 385 1451 igitur
411 1372 550 1450 eloquens
574 1372 670 1450 (lruuc
692 1375 788 1444 enim,
814 1387 933 1434 auctore

76 1465 224 1539 Antoni0,
243 1464 417 1544 quaerimus)
435 1465 474 1534 is,
490 1463 543 1543 qui
565 1466 596 1523 in
617 1466 680 1526 foro
698 1467 850 1544 causisque
864 1467 934 1525 civi-

75 1547 154 1618 libus
166 1559 207 1617 ita
222 1559 313 1631 dicet,
328 1571 358 1617 ut
372 1557 488 1638 probet,
500 1570 532 1616 ut
546 1558 679 1634 delectet,
694 1572 727 1618 ut
742 1558 848 1619 flectat.
862 1564 934 1619 Pro-

76 1652 149 1710 bare
164 1651 340 1710 necessitatis
353 1663 411 1722 est‚
426 1649 570 1710 delectare
588 1651 751 1725 suavitatis,
764 1653 880 1711 flectere
890 1651 932 1710 vi·

75 1743 187 1804 ctoriae.
215 1747 288 1803 Nam
312 1745 341 1803 id
366 1764 456 1803 unum
481 1764 518 1802 ex
540 1745 674 1805 omnihus·
698 1748 736 1805 ad
761 1746 933 1805 obtinendas

75 1857 178 1897 causas
193 1849 289 1915 potest
307 1836 477 1915 plurimum.
503 1839 558 1897 Sed
578 1853 649 1917 quot
672 1838 766 1898 officia
791 1838 930 1913 oratoris,

75 1943 120 1989 tot
135 1942 203 1988 sunt
217 1949 323 2007 genera
337 1930 451 1988 dicendi
468 1951 475 1989 ε
493 1931 598 1990 subtile
614 1931 643 1989 in
658 1932 822 2010 probando,
836 1931 932 1990 modi-

75 2043 145 2081 cum
162 2020 193 2080 in
212 2022 398 2096 delectando,
411 2025 569 2083 vehemens
587 2023 618 2083 in
639 2024 805 2099 flectend03
822 2024 852 2083 in
873 2044 932 2101 quo

75 2135 138 2173 uno
163 2114 205 2173 vis
228 2113 322 2173 omnis
347 2116 471 2175 oratoris
497 2129 550 2178 est.
576 2117 674 2193 Magni
701 2118 789 2194 igitur
811 2115 930 2190 judicii,

78 2226 200 2266 summae
213 2207 298 2266 etiam
312 2208 455 2267 facultatis
472 2227 533 2267 esso
548 2207 665 2266 debebit
685 2209 850 2266 moderator
866 2207 931 2280 ille,

78 2311 110 2358 et
127 2296 211 2376 quasi
228 2312 404 2380 temperator
421 2301 507 2375 hujus
520 2300 668 2380 tripartitae
688 2299 847 2358 varietatis.
860 2303 933 2358 Nam

28 2504 34 2513 ,
78 2468 109 2499 un
136 2452 230 2515 langage
256 2453 297 2514 qui
318 2454 438 2500 ressembla
464 2453 478 2499 it
534 2453 620 2500 exciter
642 2469 677 2499 ses
698 2453 808 2513 passiam.
824 2455 862 2500 Un
877 2452 934 2499 reeit

77 2513 136 2561 celui
149 2515 189 2561 des
201 2519 301 2575 poetes:
323 2517 400 2564 Verba
410 2515 479 2577 prope
533 2515 613 2577 simple
636 2531 665 2562 ne
684 2526 740 2577 peut
758 2516 877 2563 emouvoir
894 2534 900 2562 2
917 2515 933 2559 il

75 2588 203 2638 poetarum.
232 2577 345 2631 Pindon,
369 2579 424 2623 dans
444 2593 479 2624 ses
533 2578 580 2623 laut
607 2594 670 2623 non·
678 2578 801 2624 seulement
827 2577 935 2623 instruite

77 2639 206 2700 Dialogues
236 2656 277 2685 sur
310 2631 477 2700 l‘Iiloqueuce,
533 2642 565 2687 les
577 2640 693 2685 auditeurs
707 2641 746 2686 des
762 2640 822 2695 faits,
835 2639 891 2684 mais
901 2640 933 2685 les

77 2701 179 2748 soutient
204 2701 227 2745 la
252 2702 325 2748 meme
358 2703 476 2763 opinion:
532 2702 581 2749 leur
590 2701 673 2748 rendre
684 2701 800 2760 sensibles‚
809 2709 833 2746 et
842 2701 933 2763 lrapper

78 2781 93 2808 ι
107 2767 139 2809 La
160 2762 239 2824 poesie
258 2779 287 2809 ne
311 2764 392 2811 differe
415 2766 444 2810 de
457 2764 477 2810 la
532 2765 655 2810 leurssens
672 2779 714 2824 par
730 2780 773 2810 nne
791 2765 933 2824 representa-

78 2824 158 2885 simple
192 2825 316 2885 eloquenee
348 2827 417 2886 qu‘en
453 2842 479 2872 ce
532 2825 685 2888 tionparfaite
699 2826 728 2872 de
741 2826 761 2871 la
775 2826 874 2873 muniere
883 2837 934 2871 tou-

79 2887 162 2949 qu’elle
172 2886 238 2946 paint
250 2902 303 2932 avec
312 2888 479 2934 enthousiasme
532 2889 613 2934 cbante
626 2889 685 2933 dont
699 2888 727 2934 ils
740 2898 793 2934 sont
807 2889 932 2936 arrives...

80 2959 102 2995 et
114 2964 157 3009 par
177 2949 217 2994 des
233 2948 298 2994 traits
323 2951 374 3010 plus
392 2949 476 2995 bardis.
532 2954 564 2997 La
582 2950 673 3010 poesie,
689 2950 828 2997 c'est-a-dire
843 2952 865 2996 la
883 2950 934 2995 vive

60 3014 110 3058 ua
122 3025 191 3070 prose
209 3027 223 3055 a
237 3026 272 3056 ses
284 3011 400 3070 peintures
413 3012 479 3073 quoi·
515 3012 638 3072 ·peinture
652 3013 692 3058 des
702 3014 791 3068 choses,
803 3022 836 3058 est
846 3027 934 3058 comme

80 3088 124 3135 que
143 3072 195 3132 plus
211 3073 349 3121 modc'rdes:
370 3090 420 3119 sans
441 3089 479 3120 ces
531 3075 600 3122 l’drne
621 3075 652 3121 de
674 3075 834 3135 liboquence.
849 3073 948 3115 mse

74 3135 195 3194 peintures
208 3150 238 3180 ou
252 3151 283 3183 ue
294 3146 352 3199 peut
364 3136 484 3186 dcbauller
536 3136 689 3187 l‘adniurable
697 3132 971 3183 sexmsnsmtevow

69 3194 240 3257 t'imagiuadon
256 3200 285 3248 de
305 3203 447 3270 l'auditcur,
460 3205 491 3254 ni
548 3208 604 3255 tion
614 3202 658 3251 des
671 3200 781 3252 Gentila.
