2070 3524
82 277 125 338 lta
438 286 574 332 onaron.

122 410 188 468 ttaec
208 406 297 482 igitur
316 403 376 462 fere
393 415 476 473 sunt,
495 395 647 477 inquibus
663 394 707 459 rei
727 411 837 462 natura
859 422 930 482 quae·

21 548 33 571 ,.
57 574 59 579 Α
81 500 171 560 rende
183 497 231 558 sit.

20 574 23 583 Ι
120 601 188 654 Esse
200 613 270 670 ergo
283 591 315 650 in
329 588 461 649 oratione
471 609 625 648 numerum
637 592 807 667 quemdam,
821 607 926 653 nonest

80 687 196 746 difficile
208 682 393 763 cognoscere.
411 683 525 742 Judicat
537 680 614 742 enim
629 703 748 757 sensus3
761 684 864 764 inquo
879 685 926 744 ini·

80 802 170 858 quum
186 793 242 852 est,
263 780 340 858 quod
361 777 477 850 accidit,
499 797 557 835 non
571 796 759 854 cognoscere,
780 778 818 851 si,
835 799 884 837 cur
898 779 924 837 id

80 879 203 951 accidat,
223 878 352 958 reperire
373 895 561 954 nequeamus.
579 879 678 952 Neque
695 874 774 933 enim
786 876 850 955 ipse
867 897 924 936 ver·

80 994 128 1031 sns
151 973 263 1032 ratione
283 985 327 1030 est
349 969 498 1047 cognitus,
525 970 576 1027 sed
595 970 700 1026 natural
721 981 810 1047 atque
830 991 921 1042 sensu,

79 1091 166 1147 quem
181 1070 310 1129 dimensa
328 1067 403 1126 ratio
421 1066 534 1136 docuit,
556 1065 625 1143 quid
646 1065 797 1126 acciderit.
819 1072 861 1126 lta
878 1088 922 1126 no-

79 1164 151 1220 tatio
166 1175 276 1221 naturae
293 1173 322 1219 et
343 1158 557 1218 animadversio
574 1159 688 1239 peperit
703 1172 809 1220 artem.
827 1161 921 1219 Sedin

78 1259 209 1317 versibus
223 1278 270 1316 res
282 1269 324 1316 est
338 1255 468 1335 apertior
482 1281 488 1316 z
506 1277 674 1334 quanquam
686 1256 787 1330 etiam,
805 1278 824 1315 a
837 1257 920 1316 modis

77 1356 250 1433 quibusdam
263 1368 347 1413 cantu
361 1367 485 1426 remoto,
501 1355 595 1412 solnta
607 1374 668 1413 esse
677 1354 813 1414 videatur
822 1355 919 1426 oratio,

77 1450 259 1528 maximeque
280 1447 311 1506 id
328 1447 359 1507 in
377 1446 489 1527 optimo
510 1467 625 1527 quoque
643 1468 746 1506 eornm
761 1461 918 1528 poetarum,

77 1543 127 1619 qui
143 1540 245 1620 λυρικοὶ
260 1540 395 1599 aGraecis
417 1539 621 1612 nominantur,
641 1560 713 1617 qnos
731 1561 823 1618 quum
842 1554 919 1601 cantu

76 1634 257 1713 spoliaveris,
276 1635 354 1693 nuda
371 1653 452 1713 paene
470 1646 599 1692 remanet
611 1633 717 1692 oratio.
739 1637 870 1708 Quorum
888 1634 922 1693 si-

75 1727 154 1784 milia
168 1742 234 1786 sunt
251 1728 383 1802 quaedam
398 1727 486 1785 etiam
500 1727 578 1805 apud
591 1739 718 1800 nostros,
733 1729 814 1788 velut
834 1728 920 1788 illaiu

75 1819 219 1894 Thyeste:

145 1960 292 2026 Quemnam
308 1973 334 2012 te
346 1979 400 2012 esse
412 1960 516 2014 dicam?
535 1963 582 2032 qui
594 1963 669 2016 tarda
680 1964 708 2017 iu
723 1979 864 2037 senectute,

75 2109 104 2154 ct
121 2115 184 2171 quae
202 2109 361 2172 sequuntur
376 2119 382 2155 :
397 2117 474 2174 quae,
492 2098 547 2157 nisi
562 2120 652 2176 quum
667 2100 776 2162 tibicen
793 2105 918 2176 accessit,

74 2192 198 2251 orationi
213 2206 279 2252 sunt
289 2195 388 2267 solutae
401 2195 556 2256 simillima.
568 2202 605 2257 At
617 2200 794 2260 comicorum
806 2203 932 2277 senariil

72 2303 194 2367 propter
205 2290 422 2350 similitudinem
436 2292 576 2351 sermonis
592 2316 667 2375 saepe
681 2309 749 2356 sunt
763 2297 879 2376 abjecti,
891 2306 939 2361 ut'‘
953 2308 959 2313 '

72 2376 280 2457 nonnunquam
297 2381 348 2438 vix
363 2382 393 2440 in
412 2383 453 2441 eis
473 2404 611 2443 numerus
632 2399 661 2444 et
681 2407 783 2445 versus
801 2387 919 2466 intelligi

71 2470 173 2545 possit.
188 2472 251 2545 Qud
268 2485 311 2531 est
326 2475 363 2530 ad
375 2474 580 2535 inveniendum
592 2478 737 2539 difficilior
747 2481 778 2541 in
791 2483 918 2542 oratione

71 2581 218 2635 numerus,
231 2568 317 2641 quam
329 2566 359 2624 in
372 2569 512 2629 versibus.

109 2657 233 2716 Omnino
251 2659 309 2716 duo
326 2673 404 2732 sunt,
423 2682 486 2738 quae
498 2664 635 2724 condiant
656 2666 835 2743 orationem,
851 2691 912 2730 ven

68 2743 173 2804 borum
199 2770 446 2830 numerorumque
471 2755 647 2827 jucunditas,
672 2763 706 2818 ln
730 2762 824 2820 verbis
846 2763 912 2824 inesl

68 2839 149 2912 quasi
169 2841 290 2901 materia
304 2845 447 2921 quaedam,
466 2846 497 2906 in
515 2869 636 2908 numero
651 2866 749 2912 antem
766 2856 914 2934 expolitio.

67 2931 124 2987 Sed
143 2928 185 2990 uti
208 2936 311 2994 ceteris
333 2937 364 2995 in
386 2937 472 2997 rebus
496 2943 673 3003 necessitatis
698 2947 813 3007 inventa
840 2949 914 3008 anti·

67 3022 168 3098 quiora
193 3040 258 3085 sunt
280 3033 367 3105 quam
381 3033 551 3111 voluptatis,
574 3036 614 3095 ita
631 3037 661 3096 in
679 3039 734 3099 hac
753 3061 784 3100 re
801 3042 913 3114 accidit,

66 3129 98 3176 nt
116 3119 215 3178 multis
229 3121 340 3180 saeculis
354 3128 421 3184 ante
437 3128 532 3187 oratio
549 3131 628 3189 nuda
642 3152 676 3190 ac
693 3134 774 3193 rudis
789 3136 826 3194 ad
839 3137 912 3194 solos

76 3292 97 3334 Ι,
119 3293 229 3353 ranerii,
251 3295 285 3344 tes
303 3313 354 3346 vers
375 3300 730 3366 lumbiquesltrimetresoude
741 3301 868 3360 s‘ixq'redsq
