2070 3524
419 221 550 266 ORATOR.
567 269 579 292 e
866 225 909 265 tat

57 356 143 395 aures
154 348 318 393 extremum
327 354 441 411 semper
448 346 625 412 exspectent,
635 334 666 390 in
677 353 769 411 eoque
782 334 912 412 acquies-

56 443 135 511 cant,
158 431 189 488 id
204 450 309 488 vacare
327 449 449 487 numero
463 449 532 487 non
552 440 680 508 oportet3
704 430 755 486 sed
776 429 814 486 ad
834 427 911 485 hunc

20 550 24 555 ·
57 524 168 584 exitum
187 538 280 582 tamen
298 523 471 603 aprincipio
492 522 561 580 ferri
580 521 841 581 debet-verborum
862 521 910 579 illa
970 547 973 550 ·

44 616 335 697 .eompr·ehensio,'et
355 628 417 674 tota
435 636 453 673 a
467 615 561 693 capite
577 616 618 673 ita
637 615 738 688 fluere,
755 628 788 674 ut
806 615 843 672 ad
863 636 912 673 ex·

57 725 181 770 tremum
200 711 319 769 veniens
338 709 402 789 ipsa
415 709 563 771 consistat.
583 710 617 766 Id
638 721 734 766 autem
755 709 832 767 bona
850 708 898 766 dis·
941 721 943 724 ⁴

25 801 164 882 ''ciplinzl
189 801 373 874 exercitatis,
400 801 450 879 qui
475 812 505 860 et
538 802 627 860 multa
653 801 841 880 scripserint,
870 814 905 877 et,

57 916 246 973 quaecumque
272 895 359 953 etiam
389 893 450 953 sine
479 894 589 974 scripto
627 894 776 966 dicerent,
809 893 912 952 similia

58 989 233 1067 scriptorum
247 987 409 1059 effecerint,
431 987 562 1046 nouerit
584 988 818 1047 difficillimuml.
838 990 912 1047 Ante

58 1081 136 1140 enim
154 1080 401 1140 circumscribitur
415 1093 510 1140 mente
529 1081 682 1154 sententia,
704 1081 912 1159 confestimque

57 1176 149 1234 verba
166 1186 344 1234 concurrunt
360 1198 368 1247 3
388 1195 451 1253 quae
477 1195 557 1233 mens
578 1176 690 1246 eadem,
711 1177 768 1252 qud
781 1174 854 1232 nihil
871 1186 913 1232 est

59 1268 192 1341 celerius,
216 1268 311 1327 statim
338 1268 475 1340 dimittit,
494 1280 526 1326 ut
548 1288 600 1326 suo
621 1269 758 1346 quodque
779 1269 844 1325 loco
863 1288 910 1326 re·

59 1363 217 1442 spondeat5
235 1381 361 1438 quorum
380 1359 542 1439 descriptus
561 1361 634 1418 ordo
653 1359 723 1418 aliis
741 1360 794 1417 alit
810 1359 912 1418 termi-

59 1455 176 1513 natione
198 1454 396 1526 eoncluditur3
420 1467 506 1532 atque
527 1454 625 1512 omnia
645 1453 693 1511 illa
720 1466 748 1512 et
771 1453 865 1533 prima
885 1468 913 1512 et

60 1548 155 1606 media
170 1549 260 1607 verba
280 1559 412 1627 spectare
433 1547 539 1606 debent
553 1549 591 1605 ad
605 1547 750 1607 ultimum.
764 1548 913 1604 Interdum

59 1642 138 1702 enim
150 1661 251 1699 cursus
265 1653 308 1699 est
323 1639 354 1698 in
368 1639 500 1698 oratione
515 1639 674 1712 incitatior,
688 1640 834 1699 interdum
849 1661 914 1699 mo-

59 1741 160 1797 derata
178 1739 338 1816 ingressio,
357 1750 389 1798 ut
403 1740 464 1813 jam
485 1758 502 1796 a
522 1737 666 1817 principio
688 1738 845 1796 videndum
865 1739 913 1810 sit,

61 1831 310 1906 quemadmodum
321 1831 393 1891 velis
407 1830 506 1889 venire
520 1832 558 1888 ad
571 1842 744 1889 extremum.
755 1833 814 1887 Nec
821 1829 851 1886 in
863 1849 913 1886 nu-

61 1921 149 1979 meris
162 1920 271 1999 magis,
285 1927 372 2001 qudm
385 1923 415 1980 in
433 1921 551 2000 reliquis
565 1921 741 1981 ornamentis
761 1921 913 1994 orationis,

95 2175 118 2212 t.
136 2169 187 2214 Non
213 2168 257 2213 erit
280 2167 461 2228 difficillimum.

518 2172 630 2228 solitaire;
645 2172 703 2216 ainsi
714 2173 735 2217 le
746 2173 847 2219 discours
857 2188 916 2232 pour

61 2233 125 2278 Tout
139 2245 165 2276 ee
175 2245 272 2292 passage
284 2240 317 2276 est
334 2232 402 2278 d'une
413 2248 464 2293 per·

518 2234 655 2291 Marcellus,
668 2234 687 2278 si
698 2235 820 2294 justernent
830 2233 916 2282 admits

63 2296 149 2340 fection
169 2293 343 2349 achevee;c'est
361 2295 383 2339 le
402 2310 464 2340 com·

61 2355 207 2402 mentairede
218 2363 275 2401 cette
282 2356 363 2416 phrase
375 2356 464 2403 celebre

62 2418 136 2479 qu'on
147 2433 176 2463 ne
187 2417 273 2462 saurait
284 2427 337 2478 trop
350 2417 463 2466 mediter:

64 2500 78 2523 u
90 2479 158 2526 Stilus
174 2490 207 2525 est
218 2480 419 2539 praestantissimus
429 2481 464 2526 di-

64 2561 78 2585 «
91 2543 158 2587 cendi
176 2542 272 2589 effector
284 2552 307 2587 et
320 2544 436 2604 magister.
450 2562 463 2586 s

65 2604 110 2664 (De
122 2605 253 2662 l’Orateur,
270 2605 292 2666 1,
306 2605 405 2666 xxxm.)
427 2607 466 2652 Un

63 2666 144 2711 travail
151 2668 240 2727 patient
245 2674 267 2712 et
277 2664 402 2711 minutieux
411 2678 466 2727 peut

64 2728 114 2772 seul
121 2743 209 2774 assurer
217 2730 240 2774 la
250 2729 342 2774 solidite
353 2736 384 2773 du
397 2730 464 2789 style,

64 2807 94 2835 en
110 2791 182 2835 meme
192 2800 266 2850 temps
279 2791 334 2850 qu’il
346 2789 379 2836 lui
389 2792 467 2837 donne

63 2853 86 2897 le
101 2852 197 2898 nombre
205 2863 229 2898 et
238 2852 380 2900 l'ltarmonie.
390 2853 467 2898 L'orn-

64 2925 116 2959 teur
127 2913 178 2958 doit
199 2924 302 2974 accepter
317 2930 405 2959 comme
423 2930 467 2960 une

64 2974 99 3020 loi
107 2983 166 3019 cette
173 2974 319 3035 preparation
328 2976 465 3021 laborieuse.

65 3037 180 3084 rent-erre
187 3038 335 3099 s'exposet-il
343 3038 384 3082 'alu
396 3047 468 3083 tenta-

65 3099 116 3143 tion
129 3098 157 3142 de
169 3097 279 3157 deployer
285 3101 367 3145 devant
375 3115 417 3144 son
427 3117 468 3144 au-

518 2312 546 2340 au
558 2297 625 2356 point
636 2297 665 2341 de
675 2311 719 2341 vue
730 2298 762 2340 du
773 2297 840 2356 style,
857 2296 916 2340 ne'st

516 2373 557 2418 pas
576 2359 714 2419 exempt‘de
729 2366 788 2404 cette
808 2357 917 2417 complai-
940 2393 942 2399 ,

517 2435 585 2467 sance
598 2429 723 2478 excessivo,
737 2431 759 2465 et
769 2421 792 2464 la
805 2420 916 2465 elemence

518 2482 547 2527 de
554 2483 630 2542 Ce'sar,
636 2499 682 2543 peu
689 2482 804 2528 meritoire
811 2499 840 2527 au
848 2481 915 2539 fond,

518 2544 595 2590 devait
615 2547 662 2591 etre
676 2543 742 2590 loude
757 2545 808 2605 plus
827 2543 918 2602 simple-

518 2617 591 2654 ment.
603 2606 665 2652 Mais
673 2607 752 2666 quand
761 2608 783 2651 le
794 2605 916 2658 dictateur,

519 2668 598 2714 de'cide
619 2670 727 2714 d'uvanoe
745 2668 758 2712 a
779 2668 919 2712 condemner

519 2731 638 2793 Ligarius,
654 2730 744 2775 invitait
758 2745 791 2775 ses
809 2729 878 2789 amis,
889 2745 918 2773 au

519 2792 588 2838 sortir
603 2794 633 2838 de
648 2792 722 2848 table,
736 2791 749 2836 it
762 2791 828 2837 venir
841 2803 919 2838 enten-

520 2857 561 2900 dre
574 2855 649 2914 parler
665 2853 770 2912 ciceron,
784 2852 801 2898 il
813 2853 920 2899 subissait

520 2916 605 2979 malgre'
621 2915 656 2960 lui
673 2917 694 2960 lc
711 2915 801 2962 chnrme
817 2917 845 2961 de
861 2924 920 2962 cette

520 2978 675 3023 merveilleuse
687 2979 778 3038 parole;
790 2987 814 3023 et
824 2978 875 3022 l'art
886 2977 919 3021 in·

520 3039 667 3099 comparable
689 3040 719 3085 de
739 3039 847 3084 l’oratenr
864 3039 921 3084 u'al-

520 3099 642 3147 faiblissait
662 3117 694 3148 en
714 3100 771 3147 rien
783 3101 813 3143 Xe
829 3112 934 3154 coniage.

65 3159 150 3204 ditoire
158 3168 208 3204 tous
215 3159 247 3205 les
254 3161 336 3207 πόσοις
342 3163 373 3209 de
380 3162 470 3211 science
527 3166 560 3212 du
571 3163 635 3225 citou
639 3180 672 3212 en
680 3163 755 3210 edne
765 3161 787 3205 'e
796 3173 827 3203 sa
835 3167 921 3206 cam
927 3161 955 3195 Ψ

58 3220 118 3278 qu'il
134 3235 147 3264 a
167 3221 264 3281 eonquis
281 3238 326 3285 par
337 3241 386 3273 une
398 3227 473 3276 &tude
532 3229 598 3276 ‘uses
609 3227 684 3275 amis.
