2062 3510
149 118 192 158 {00
504 111 635 156 ORATOR.
681 179 684 185 .

145 226 222 286 enim
235 224 358 285 dixerim
366 237 426 284 tam
439 224 563 284 libenter
578 250 590 277 e
604 225 718 283 armiim
728 222 892 304 judicium:
910 252 922 279 ι
936 227 975 287 etti
997 266 1004 281 .

145 333 188 378 est
198 320 279 398 ¹apud
293 320 426 377 eumdem
444 341 450 378 :

250 469 359 522 Nihilne
371 467 406 521 ad
419 483 444 522 te
460 468 494 521 de
503 468 605 540 judieio
620 468 725 521 atinum
736 467 852 523 accidit?

144 613 231 688 quim
253 637 266 664 α
288 632 446 672 armorum.
465 637 478 665 >›
499 614 563 669 Jam
580 609 627 690 (ut
644 609 785 670 censoriae
805 610 928 670 tabulae¹
943 610 974 671 le
1004 590 1009 595 Ι

144 706 285 784 quuntur)
303 733 317 759 α
334 706 460 777 labrum,
479 730 493 758 ν
511 717 540 764 et
559 707 726 782 «procum,
746 729 758 757 ι
777 705 873 765 audeo
886 705 977 775 dicere,
1004 762 1007 769 ,

146 819 203 858 non
220 825 234 852 α
251 799 399 858 fabrorum
414 826 428 852 ν
445 811 473 858 et
487 814 503 850 t
515 818 683 879 procorum.
698 824 711 850 ν
729 797 878 877 Plautique
892 825 905 852 κ
920 800 976 858 dun
993 860 996 865 ,

146 913 211 950 rum
224 893 351 951 virorum
363 892 504 966 judicium
521 917 534 945 υ
552 905 601 950 aut
618 916 632 944 ι
649 889 873 951 triumvirorum
891 891 981 974 capita⁴

146 984 216 1043 lium
232 1011 246 1037 u
265 999 315 1044 aut
333 1012 346 1040 α
362 986 594 1045 decemvirorum
609 983 707 1043 litibus
719 984 888 1058 judicandis
902 1013 915 1039 ι
929 986 980 1046 din
1013 1014 1016 1021 ·

145 1097 304 1164 nunquam.
320 1080 407 1157 Atqui
422 1079 496 1138 dixit
510 1079 602 1138 Attius
618 1103 624 1138 :
1014 1086 1017 1091 '

251 1229 338 1284 Video
352 1231 472 1302 sepulcra
484 1228 539 1284 duo
554 1227 670 1283 duorum
684 1249 843 1303 corporum,

144 1371 289 1451 idemque,

321 1507 418 1558 Mulier
432 1525 485 1558 una
499 1505 582 1558 dudm
595 1506 689 1558 virum.
1021 1534 1027 1575 ε

1023 1584 1027 1617 l

187 1648 263 1725 Quid
276 1668 377 1706 verum
391 1648 452 1722 sit²,
469 1649 598 1727 intelligo
608 1670 615 1708 ι
627 1650 679 1708 sed
690 1647 761 1707 aliis
779 1647 822 1708 ita
835 1647 949 1728 loquor,
960 1656 985 1707 rt
1021 1652 1027 1721 J

148 1758 312 1800 concessum
325 1753 379 1814 est,
394 1755 426 1800 ut
439 1741 507 1815 hoc,
520 1743 580 1814 vel,
602 1767 615 1797 α
630 1741 706 1821 proh
720 1742 821 1814 dedm,
839 1767 854 1795 n
870 1741 936 1801 dieo
946 1736 985 1799 rel
1018 1810 1021 1817 Ι

148 1861 161 1888 α
176 1835 251 1915 proh
264 1835 400 1913 deorum3
415 1857 428 1889 e
443 1835 523 1909 aliis,
536 1848 569 1894 ut
580 1855 697 1895 necesse
710 1846 763 1906 est,
777 1856 869 1913 quum
882 1863 896 1890 ι
908 1835 985 1895 trium
1025 1906 1027 1911 Ι

146 1926 251 2000 virum,
269 1952 283 2003 η
301 1948 360 1985 non
377 1953 391 1980 α
407 1927 550 2002 virorum,
566 1954 580 1982 ³>
598 1950 689 2008 quum
703 1953 717 1982 ι
735 1931 901 1988 sestertidm
914 1947 985 1988 num·

146 2026 235 2094 mrim,
249 2040 333 2080 »non
348 2047 362 2076 e
376 2041 560 2082 nummorum
575 2045 581 2081 :
600 2022 705 2100 »qudd
718 2021 750 2080 in
763 2020 808 2080 his
820 2020 988 2081 consuetudo

144 2136 224 2173 varra
234 2136 293 2175 non
305 2127 357 2176 est.

185 2198 271 2283 Quid,
280 2209 358 2286 qudd
369 2209 410 2268 sic
422 2209 513 2290 loqui,
525 2236 539 2263 r
549 2211 646 2281 ndsse,
656 2235 670 2262 >2
684 2237 698 2263 α
705 2207 852 2285 judicdsse
862 2236 876 2264 n
887 2221 988 2279 retunt,

147 2326 161 2353 α
178 2300 293 2360 novisse
306 2300 432 2381 »jubent
450 2314 479 2359 et
493 2327 506 2355 α
517 2303 708 2380 judicavisse?
719 2328 734 2358 a
748 2303 831 2381 quasi
843 2304 915 2363 verd
928 2323 985 2363 nes·

144 2393 252 2452 ciamus
269 2393 299 2450 in
316 2393 373 2451 hoc
391 2413 497 2470 genere
515 2406 543 2452 et
563 2396 680 2475 plenum
702 2395 824 2454 verbum
842 2398 924 2456 recte
940 2393 989 2455 diri

145 2499 173 2544 et
182 2486 364 2545 imminutum
375 2485 489 2544 usitate.
505 2490 605 2566 ltaque
616 2501 771 2567 utrumque
784 2490 936 2550 Terentius
947 2511 954 2549 :

285 2638 355 2703 Eho,
368 2652 398 2691 tu
411 2652 552 2709 cognatum
563 2653 637 2693 tuum
649 2659 705 2692 non
719 2640 836 2695 ndras⁸i

178 2821 200 2859 l.
214 2816 325 2861 Censoriae
332 2815 475 2862 tatutaeues
484 2831 539 2863 een·
595 2837 608 2862 ι(
622 2818 750 2881 potuerint,
758 2818 846 2866 alienos
853 2834 992 2881 occupare.»

146 2892 208 2922 seura
217 2877 389 2939 enregistraient
398 2879 420 2926 le
435 2894 490 2924 nom
501 2881 542 2926 det
597 2881 681 2943 (Cdeur,
697 2883 782 2927 Guerre
793 2881 833 2926 des
844 2884 941 2940 Gaulos,
956 2882 993 2938 tv,

145 2939 248 3000 eitoyens
258 2949 282 2985 et
290 2939 349 2986 leurs
359 2957 463 2988 revenus.
596 2944 659 3006 vm.)

177 3010 200 3048 2,
222 3002 285 3064 Quid
298 3019 374 3049 verum
389 3007 436 3062 sit,
460 3021 485 3052 ee
502 3004 545 3068 qui
628 3012 652 3050 8.
667 3008 718 3051 Non
729 3005 857 3053 adrueLee
872 3006 930 3053 trois
940 3006 993 3054 eiu·

134 3067 333 3120 estreisonnable.
346 3088 361 3115 u
374 3072 456 3134 Neque
467 3085 550 3118 rerum
603 3068 666 3113 dous
679 3076 733 3111 eunt
742 3068 890 3123 emqrunueeu
898 3069 1001 3110 nullut·

126 3142 141 3174 u
156 3141 196 3178 est
208 3132 254 3194 qui
270 3150 327 3184 eron
346 3135 407 3185 lines
426 3134 488 3183 tueri
502 3148 556 3180 uon
612 3130 685 3187 mion,
695 3129 748 3186 m,
760 3139 794 3182 ss,
803 3128 849 3181 ἣν
860 3129 904 3166 ⁸¹*

15 3218 33 3297 l:
