2070 3524
100 124 130 163 dt
457 119 590 166 ORATOR.

100 252 208 315 genere
227 232 457 311 amplificationis
475 232 646 291 exarsimus.
664 237 702 290 At
719 232 784 291 haec
805 233 953 293 interdum

101 327 289 406 temperanda
308 338 338 385 et
356 324 496 383 varianda
512 338 589 386 sunt.
607 327 693 400 Quod
709 325 800 402 igitur
819 325 852 384 in
870 347 953 386 aecu-

100 420 219 480 sationis
229 420 359 497 quinque
372 417 464 476 libris¹
479 439 538 477 non
552 420 697 498 reperitur
709 421 817 496 genus?
830 421 912 496 quod
924 420 952 479 in

100 514 177 575 Aviti
186 515 216 571 ²?
230 512 309 590 quod
324 512 354 569 in
368 512 494 571 Cornelii
506 512 536 573 ⁸?
551 513 632 590 quod
645 511 675 569 in
693 511 830 590 plurimis
846 514 951 573 nostris

99 605 333 667 defensionibus?
344 625 408 684 quae
419 605 552 685 exempla
565 602 740 682 selegissem,
755 604 812 662 nisi
824 605 871 663 vel
884 619 952 665 nota
966 682 971 689 .

99 720 162 760 esse
182 699 350 772 arbitrarer,
376 698 424 757 vel
439 718 525 778 posse
545 697 672 777 eligere,
698 697 749 775 qui
771 712 949 774 quaererent.

99 794 184 853 Nulla
201 806 245 852 est
258 793 335 851 enim
349 791 409 850 ullo
423 812 454 850 sn
468 810 575 869 genere
589 792 653 849 laus
667 790 802 864 oratoris,
824 790 909 871 cujus
921 793 949 851 in

98 886 204 947 nostris
218 884 398 945 orationibus
411 905 470 943 non
490 886 528 943 sit
541 883 649 961 aliqua,
672 883 696 943 si
714 901 776 942 uon
793 885 947 963 perfectio,

99 992 129 1039 at
136 991 255 1037 conatus
265 990 362 1036 tamen
372 990 459 1055 atque
467 977 660 1039 adumbratio.
672 978 738 1035 No'n
750 977 946 1055 assequimur3

98 1084 137 1151 at,
155 1071 225 1148 quid
239 1071 352 1146 deceat,
365 1069 507 1130 videmus.

137 1168 196 1222 Nec
215 1163 293 1221 enim
310 1182 389 1221 nunc
407 1165 444 1222 de
462 1163 564 1237 nobis,
580 1162 631 1222 sed
652 1164 689 1220 de
708 1161 902 1221 redicimus:
918 1163 946 1221 in

97 1277 156 1336 quo
170 1268 282 1317 tantum
300 1256 398 1331 abest,
419 1269 451 1315 ut
469 1270 568 1315 nostra
585 1256 736 1328 miremur,
757 1267 791 1313 ut
807 1272 901 1333 usque
914 1251 947 1313 eb

98 1348 226 1408 difficiles
238 1369 270 1407 ac
282 1349 389 1408 morosi
400 1349 498 1423 simus,
508 1362 541 1407 ut
552 1346 636 1406 nobis
646 1367 706 1406 non
717 1344 877 1405 satisfaciat
887 1347 947 1425 ipse

97 1443 381 1521 Demosthenes3qui
391 1463 557 1521 quanquam
566 1462 641 1500 unus
648 1440 755 1499 eminet
764 1438 940 1499 iuteromnea

547 1656 601 1684 rons
641 1654 683 1699 pas
725 1638 853 1697 d'analyser
890 1645 948 1684 cette

96 1642 202 1688 Rabirius
225 1640 250 1686 ni
278 1657 306 1685 au
325 1640 388 1701 gibet
407 1639 432 1685 ui
450 1656 494 1685 aux

546 1701 624 1748 affaire
640 1702 711 1762 qu’ou
726 1699 823 1745 croirait
836 1699 947 1762 imaginale

96 1718 184 1765 norges,
200 1701 219 1747 si
234 1701 339 1747 Metellus
355 1701 421 1747 celer
432 1703 496 1747 n’etlt

96 1782 179 1826 rompu
188 1764 324 1810 l‘assemhlse
340 1780 368 1810 en
381 1763 496 1809 declarant

96 1844 141 1890 que
162 1829 195 1873 les
209 1825 311 1888 auspices
330 1825 440 1872 n'etaient
455 1841 495 1884 pas

96 1890 229 1936 favorables.
256 1891 287 1934 La
310 1889 444 1948 peroraison
467 1888 495 1933 de

95 1968 121 1999 ce
135 1953 236 1997 discours
252 1966 264 1995 a
280 1951 316 1998 ete
338 1948 496 1995 retrouveeen

97 2019 167 2074 t820,
190 2014 246 2058 dans
267 2028 299 2057 un
320 2010 442 2057 manuscrit
465 2012 495 2056 du

95 2076 200 2123 Vatican.

127 2145 150 2184 l.
169 2138 332 2186 Accusationis
347 2137 446 2198 quinque
464 2134 495 2180 li-

96 2201 151 2249 brt's.
160 2200 256 2248 eictron
263 2199 340 2245 renuit
349 2198 379 2244 ici
387 2215 431 2243 aux
438 2201 495 2244 Ver·

94 2262 156 2310 rinos
173 2271 323 2324 proprement
338 2262 396 2306 dites
410 2261 432 2305 le
447 2259 494 2305 dis·

95 2341 162 2371 oours
173 2325 230 2385 qu'il
243 2323 302 2368 avait
313 2322 431 2382 pronuncia
441 2337 496 2366 con-

95 2395 130 2432 tre
141 2384 245 2442 cecilius,
259 2385 299 2444 qui
310 2383 342 2429 lui
353 2382 464 2442 disputarit
473 2383 495 2428 le

95 2448 158 2494 droit
176 2449 289 2493 d'aoeuser
303 2445 399 2502 Verres,
421 2452 445 2489 et
464 2460 495 2489 un

94 2511 194 2571 premier
208 2509 337 2571 plaidoyer,
350 2507 407 2551 dans
419 2505 495 2565 lequel

94 2573 112 2618 il
131 2572 205 2620 s’etait
226 2570 333 2618 contenti
353 2568 495 2614 d’euumerer

94 2634 126 2681 les
136 2635 198 2682 cbefs
209 2633 369 2690 d’aeousation,
382 2630 396 2675 a
408 2643 495 2675 mesura

95 2697 151 2755 qu'il
172 2695 301 2756 produisait
312 2695 345 2740 les
362 2705 458 2752 preuves
472 2701 496 2737 et

94 2757 126 2803 les
142 2758 305 2820 temoignages.

84 2836 88 2859 ι·
126 2826 150 2864 2.
178 2821 209 2865 In
238 2820 306 2865 ¹leiti.
339 2818 360 2865 Il
386 2816 495 2878 s'agissait

94 2881 163 2928 d’une
174 2881 301 2927 accusation
314 2879 495 2939 d’empoisonne-

94 2954 157 2990 ment
171 2943 272 2990 intentis
289 2942 302 2987 ‘a
314 2942 431 2990 Cluentius
441 2942 495 2989 avi-

94 3015 131 3052 tus
147 3022 190 3068 par
208 3004 288 3061 Sassia,
307 3021 331 3051 sa
353 3005 423 3061 mere,
442 3021 495 3051 sous

94 3068 115 3113 le
131 3084 186 3115 nom
207 3076 232 3116 et
248 3084 291 3130 par
310 3067 495 3115 l’intermidiaire

9 3184 16 3207 ,
40 3176 43 3181 ,
92 3129 266 3193 d'Opps'aaiens.
289 3132 353 3181 Nom
382 3132 497 3195 n’essage-

546 1763 559 1808 a
568 1763 655 1823 plaisir,
662 1776 749 1808 comme
760 1777 805 1807 une
812 1761 841 1809 de
851 1777 891 1808 oes
900 1776 946 1807 ana-

546 1826 614 1871 tieres
636 1826 664 1871 de
686 1824 837 1871 declamation
856 1839 902 1884 que
915 1822 947 1869 les

546 1888 649 1933 rhe'teurs
673 1885 822 1947 proposaient
845 1887 908 1931 alors
931 1891 947 1929 t

545 1950 605 1995 leurs
619 1948 733 2008 disciples.
752 1947 820 1995 Titus
833 1948 908 1994 Attius
918 1945 946 1993 (la

547 2012 639 2057 Pisaure
664 2011 751 2056 soutiut
779 2009 944 2067 l‘acoasation;

546 2074 651 2132 ciceron,
659 2074 719 2118 alors
728 2072 831 2132 present,
843 2073 946 2133 pretenta

545 2136 568 2181 la
590 2134 692 2191 defense3
715 2134 832 2181 Cluentius
855 2135 890 2180 fat
909 2132 946 2178 ab

546 2214 614 2257 sous,
642 2197 698 2242 mais
727 2212 757 2242 eu
784 2205 881 2241 sauvant
905 2209 945 2240 sou

546 2260 623 2321 client,
634 2259 730 2304 l'avorat
744 2273 774 2303 ne
789 2258 873 2304 reussit
882 2254 946 2319 pas'i

546 2337 646 2382 prouver
661 2321 718 2381 qu’il
732 2319 820 2381 plaidtt
840 2336 901 2381 pour
915 2334 946 2365 un

546 2384 646 2429 honnete
656 2384 755 2429 homme.

579 2451 602 2490 a.
617 2443 944 2501 Camelitcorneliusltslbas,

546 2508 670 2616 auquelssqq
686 2507 799 2615 dispputaiq
812 2507 834 2553 le
845 2505 908 2578 droit
914 2505 946 2611 lde

547 2580 578 2615 cat
684 2604 689 2615 .
732 2585 769 2614 om
800 2585 813 2614 e
869 2584 894 2613 ur
923 2581 948 2612 ut

546 2570 705 2678 alatrinensis
715 2585 946 2691 oearirt,'0tqu.1,i-

546 2694 620 2739 cinius
631 2696 730 2752 Crassus,
742 2693 846 2740 s'itaient
856 2692 947 2753 presen-

547 2757 580 2802 tes
602 2773 663 2816 pour
677 2755 765 2818 plaider
782 2771 805 2801 sa
819 2770 898 2811 cause,
910 2753 947 2800 ei-

546 2819 616 2865 cdron
625 2819 673 2879 prit
687 2820 708 2863 la
718 2816 797 2879 parole
811 2816 878 2878 apres
888 2832 945 2875 enx;

546 2891 569 2927 et
581 2882 613 2927 les
623 2881 703 2928 efforts
715 2879 791 2926 reunia
803 2881 831 2926 de
842 2895 880 2925 oes
889 2877 947 2924 trois

545 2943 642 2989 illustres
651 2957 806 3004 personuages
815 2941 946 2988 deciderent

544 3006 567 3050 la
581 3005 676 3053 victoire
690 3006 720 3051 de
734 3005 815 3050 Balbus
829 3004 879 3065 qui,
892 3004 945 3051 dix·

544 3076 596 3127 sept
619 3083 659 3113 ans
680 3067 755 3128 apres,
777 3067 897 3128 parvenait
918 3082 947 3113 eu

546 3129 659 3177 annulat.
