2070 3524
450 217 582 268 ORATOR.
895 225 938 266 tta

88 334 180 392 nihilo
197 346 294 394 tamen
313 334 408 415 aptius
433 334 531 413 explet
548 333 751 411 concluditque
771 336 937 396 sententias.

88 427 177 504 Apud
198 426 270 485 alios
296 423 414 503 autem,‘
437 437 468 484 et
488 426 627 487 Asiaticos
652 426 797 498 maxime,
817 448 939 488 numero

88 520 259 595 servientes,
272 520 416 579 inculcata
428 520 555 600 reperias
567 519 664 578 inania
679 521 811 597 quaedam
829 522 919 580 verba
930 525 939 558 ¹

88 613 171 690 quasi
183 615 394 693 complementa
405 634 603 673 numerorum.
618 617 690 672 Sunt
704 613 803 688 etiam,
823 615 873 692 qui
888 615 939 674 illo

88 706 160 765 vitio
177 708 255 784 quod
272 709 308 765 ab
333 707 458 784 Hegesia
482 706 607 766 maxime
630 705 724 784 fluxit,
749 707 938 785 infringendis

88 799 331 877 concidendisque
350 800 497 872 numeris,
517 799 546 858 in
569 800 715 879 quoddam
734 819 824 876 genus
844 801 938 875 abjec-

88 906 150 952 tum
173 892 315 965 incidant,
337 893 500 955 Siculorum
518 891 706 952 simillimum.
732 893 937 966 Tertiumest,

87 985 117 1043 in
139 1006 197 1064 quo
223 987 339 1044 fuerunt
366 987 469 1044 fratres
491 984 546 1057 illi,
570 984 765 1044 Asiaticorum
786 986 938 1045 rhetorum

86 1079 243 1158 principes,
265 1078 416 1137 Hierocles
437 1090 466 1136 et
485 1078 641 1148 Menecles,
656 1076 773 1135 minime
788 1084 852 1136 mea
871 1100 937 1138 sen-

87 1173 176 1230 tentia
187 1172 400 1231 contemnendi.
416 1171 477 1230 Etsi
490 1171 595 1231 enimc
610 1173 701 1230 forma
715 1171 844 1230 veritatis
857 1185 886 1231 et
901 1173 938 1233 ab

86 1263 245 1322 Atticorum
271 1263 371 1340 regula
390 1263 505 1335 absunt,
530 1276 626 1321 tamen
649 1264 704 1321 hoc
736 1262 843 1346 vitium
861 1285 938 1324 com-

85 1369 208 1434 pensant
228 1356 275 1414 vel
295 1356 428 1413 facultate
446 1355 493 1413 vel
515 1355 610 1434 copia.
631 1356 687 1414 Sed
706 1356 784 1433 apud
816 1375 865 1414 eos
884 1379 937 1416 va-

87 1449 173 1506 rietas
201 1470 261 1507 non
286 1461 365 1520 erat,
388 1449 466 1526 quod
487 1448 584 1506 omnia
613 1449 672 1506 fere
694 1448 939 1510 concludebantur

86 1543 253 1602 unomod0.

128 1644 198 1714 Quae
210 1639 282 1698 vitia
312 1640 362 1717 qui
378 1639 495 1716 fugerit,
510 1650 543 1697 ut
565 1659 659 1716 neque
677 1639 799 1698 verbum
818 1639 860 1699 ita
876 1649 938 1700 tra-

81 1731 175 1806 jiciat,
190 1743 223 1790 ut
235 1731 265 1789 id
289 1732 326 1789 de
346 1730 489 1789 industria
507 1732 613 1789 factum
634 1730 824 1809 intelligatur,
845 1753 938 1810 neque

84 1823 237 1881 inferciens
252 1823 342 1880 verba
355 1825 378 1895 ²,
393 1823 476 1899 quasi
494 1822 581 1881 rimas
597 1823 724 1903 expleat,
742 1845 795 1883 nec
812 1825 938 1885 minutos

83 1936 219 1974 numeros
236 1936 370 1994 sequens,
393 1915 525 1974 concidat
548 1915 752 1995 delumbetque
770 1918 936 1990 sententias,

83 2031 137 2068 nec
149 2009 209 2067 sine
219 2009 276 2066 ullt
287 2009 512 2069 commutatione
524 2009 555 2068 in
567 2011 669 2068 eodem
682 2030 796 2090 semper
804 2024 936 2070 versetur

83 2121 188 2180 genere
208 2121 394 2160 numerorum
417 2123 424 2160 ε
447 2102 471 2159 is
491 2103 588 2161 omnia
610 2105 671 2161 fere
692 2103 763 2162 vitia
789 2104 934 2166 vitaverit.

82 2200 154 2254 Nam
173 2197 209 2253 de
229 2194 363 2280 laudibus
380 2194 469 2253 multa
492 2195 631 2268 diximus,
657 2195 761 2274 quibus
785 2209 854 2255 suut
879 2198 935 2256 alia

81 2289 235 2369 perspicua
245 2289 317 2347 vitia
333 2288 489 2348 contraria.

113 2480 134 2523 1.
148 2475 235 2520 Itonia
247 2474 352 2535 quaedam
367 2474 442 2522 verbe.
458 2474 478 2520 Il

80 2547 112 2582 est
135 2536 230 2582 curieux
247 2537 362 2582 d’ecouter
387 2536 480 2592 Quinti-

79 2598 124 2643 lien
141 2599 276 2660 expliqnant
293 2598 306 2643 tl
323 2613 357 2643 ses
374 2598 479 2658 disciplee

78 2676 115 2706 ces
138 2661 279 2706 delicatesses
302 2660 334 2705 du
357 2661 415 2721 style
438 2661 479 2721 qui

78 2736 137 2767 nous
158 2723 287 2784 eclrappent
310 2723 477 2783 uuj0u1·d'hui:

80 2804 91 2826 u
108 2785 154 2830 Cur
190 2785 214 2829 in
247 2785 479 2830 circumductionibus

80 2865 92 2887 ιι
111 2846 160 2907 (les
178 2845 308 2909 μένίοᾶεε),
327 2848 394 2892 etiam
406 2863 476 2907 quum

80 2926 91 2951 u
105 2923 182 2952 sensus
196 2909 273 2954 finitus
285 2920 326 2969 est,
340 2909 426 2968 aliquid
439 2919 475 2954 ta·

79 2989 90 3012 ι(
107 2985 159 3014 men
170 2970 216 3015 loci
225 2987 305 3016 vacare
315 2971 420 3016 videtur?
434 2973 477 3017 Ne·

79 3052 89 3074 u
106 3032 187 3075 minem
197 3031 291 3077 vestrum
302 3035 406 3094 ignorare
412 3034 475 3078 arbi·

78 3114 89 3137 u
106 3103 164 3155 nor,
176 3092 278 3156 judices,
291 3095 350 3141 bunc
357 3112 400 3157 per
411 3094 476 3141 hosce

77 3176 88 3198 u
104 3154 154 3199 dice
170 3172 293 3202 sermonem
310 3157 388 3221 vulgi,
408 3169 479 3222 atquc

71 3234 80 3257 a
98 3217 378 3285 baacopr'm'onempopufi
389 3223 483 3271 Roma-

535 2493 547 2516 «
562 2475 588 2519 m'
601 2475 689 2534 fuisse.
708 2475 756 2520 Cur
776 2475 840 2520 hosce
859 2476 935 2536 potius

535 2555 547 2579 α
564 2536 634 2596 quim
648 2537 705 2582 hos?
718 2540 798 2598 Neque
812 2537 874 2583 enim
886 2549 935 2584 erat

535 2619 547 2642 a
566 2615 678 2660 asperum.
698 2599 820 2645 Rationem
840 2599 933 2647 fortusse

534 2681 546 2704 α
564 2676 612 2705 non
633 2661 741 2721 reddam,
754 2661 861 2717 ,seutiam
887 2677 933 2709 esee

535 2741 545 2766 ι
564 2723 653 2771 melius.
678 2724 725 2769 Cur
748 2738 796 2769 non
820 2724 873 2769 satls
894 2724 933 2785 sit,

534 2804 547 2828 α
563 2801 687 2830 sermonem
698 2785 760 2846 vulgi
765 2787 861 2844 sitisse?
871 2801 933 2832 com-

533 2866 547 2890 «
561 2847 646 2907 positio
651 2847 711 2893 enirn
717 2847 853 2907 patiebatur.
863 2851 933 2912 lgno·

534 2928 545 2952 ι
563 2909 641 2953 rabam
659 2922 665 2958 :
683 2909 723 2954 sed
742 2909 783 2963 ita,
801 2921 829 2956 ut
852 2912 930 2970 audio,

523 2976 545 3014 'a
560 2971 605 3016 hoc
628 2970 718 3018 animus
734 2971 819 3033 accipit
838 2973 931 3031 plenum

531 3052 544 3076 α
561 3032 609 3080 sine
634 3033 678 3080 hac
704 3033 859 3098 geminatione
884 3050 932 3081 non

531 3115 545 3139 «
559 3111 640 3143 esse.»

566 3165 593 3206 Ἃ.
608 3159 742 3221 inferciens
753 3155 917 3202 verbmkms
925 3149 964 3189 Kx·

540 3237 659 3270 sonsaun
665 3222 778 3267 discours
788 3210 987 3275 juratorem».
