2070 3524
432 185 565 233 ORATOR.
859 230 860 233 ,
897 194 925 235 2³

73 296 171 375 solum
178 297 270 357 Attice
279 299 392 360 dicere:
405 313 515 374 errant,
529 299 924 381 quddsolum3quddAttice‚

72 410 136 450 non
146 390 293 453 falluntur.
306 395 433 452 Istorum
444 393 521 453 enim
532 393 641 466 jndicio
653 395 676 453 si
690 395 783 454 solum
798 396 871 454 illud
883 408 936 454 est-

72 482 215 555 Attieum,
229 504 265 542 ne
282 485 406 545 Pericles
423 485 543 564 quidem
556 485 630 545 dixit
646 487 752 561 Attice,
766 489 813 547 cui
825 489 926 568 primae

49 646 51 650 Ι
75 576 139 634 sine
155 575 351 636 controversia
370 575 591 654 deferebantur3
614 579 705 658 quisi
725 580 804 640 tenui
822 602 927 660 genere

72 682 217 741 uteretur,
236 691 384 748 nunquam
403 673 440 731 ab
463 671 673 751 Aristophane¹
693 680 780 753 poete
804 676 925 752 fulgere,

76 779 190 831 tonare.
206 763 380 842 permiscere
393 763 532 823 Graeciam
541 765 635 823 dictus
646 779 731 825 esset.
745 767 828 825 Dicat
840 767 928 845 igitur

76 842 172 914 Attice
185 855 400 915 venustissimus
413 858 461 916 ille
480 857 605 936 scriptor
618 879 652 918 ac
669 856 854 938 politissimus
867 865 926 938 Ly·

76 949 150 1007 sias¹
164 946 241 1028 (quis
252 950 329 1008 enim
342 949 373 1008 id
381 949 472 1029 possit
482 950 630 1031 negarel)‚
643 952 713 1009 dum
724 951 926 1029 intelligamus,

78 1041 137 1100 hoc
151 1061 213 1100 esse
225 1042 352 1101 Atticum
367 1043 396 1101 in
413 1043 509 1121 Lysia,
524 1063 583 1101 non
595 1040 675 1121 quiid
688 1045 781 1102 tenuis
794 1044 831 1103 sit
843 1059 929 1124 atque

75 1133 237 1206 inornatus,
251 1135 302 1194 sed
309 1133 389 1213 qudd
397 1135 469 1194 nihil
478 1135 584 1195 habeat
596 1135 722 1195 insolens
729 1150 778 1196 aut
785 1137 926 1217 ineptum.

76 1227 187 1287 Ornate
195 1224 265 1285 veri>
274 1239 303 1286 et
315 1228 440 1304 graviter
446 1240 474 1286 et
480 1229 596 1308 copiose
605 1229 701 1288 dicere
711 1242 761 1288 aut
768 1231 929 1290 Atticorum

76 1319 130 1392 sit,
152 1331 203 1378 aut
222 1339 258 1378 ne
277 1319 314 1378 sit
332 1319 479 1379 AEschines
495 1341 570 1379 neve
585 1323 792 1381 Demosthenes
805 1323 926 1384 Atticus.

118 1419 193 1473 Ecce
206 1428 302 1472 autern
315 1413 403 1493 aliqui
413 1435 442 1474 se
450 1415 658 1492 Thucydidios⁸
672 1436 734 1475 esse
745 1417 926 1496 prolitentur,

78 1641 197 1688 enucleatd
221 1651 255 1688 ert
276 1642 325 1704 pris
350 1658 380 1688 en
402 1643 478 1690 bonne

531 1661 544 1686 e
556 1652 600 1703 tus,
611 1644 651 1691 sed
666 1643 758 1707 egregi'e
772 1644 861 1692 subtilis
876 1645 929 1692 scri·

77 1714 146 1766 part:
160 1703 275 1750 enucleate*
286 1716 309 1750 et
318 1704 405 1766 poli2d5
421 1706 475 1750 sub-

531 1723 544 1749 α
557 1715 621 1766 pter,
649 1715 717 1766 atque
738 1707 840 1770 elegans,
861 1723 929 1769 quem

78 1766 162 1824 eilieer,
170 1766 261 1827 prend,
274 1767 400 1812 enuclentd.
412 1767 478 1825 «Qui

48 1829 52 1837 “
80 1848 92 1871 α
107 1827 204 1891 grandia
225 1828 305 1876 ornate
319 1829 411 1888 vellent,
424 1845 480 1876 enn-

80 1909 93 1935 ι
105 1889 176 1937 oleate
193 1889 282 1936 minora
295 1891 379 1937 dicere.
397 1909 411 1934 n
423 1893 479 1950 (Des

79 1954 142 2000 vrais
158 1952 222 1997 biens
235 1963 258 1999 et
271 1952 311 1998 der
325 1955 385 1998 vrais
398 1969 478 2010 maure,

78 2015 124 2075 tv,
138 2013 188 2075 ιιι.)

111 2083 134 2121 l.
158 2075 320 2137 Aristophane,
329 2076 478 2139 Achemene,

80 2143 126 2184 ⁵4³
133 2157 139 2184 ε
147 2139 272 2187 Ἐντεῦθεν
282 2139 341 2203 ὀργῇ
348 2140 480 2204 Περικλέης

80 2201 217 2262 οὑλύμπιος
230 2198 377 2263 Ἦστραπτ’,
394 2202 479 2266 ἐόρόν-

79 2278 122 2323 τα,
137 2262 257 2318 ξυνεκύκα
272 2263 315 2321 τὴν
336 2262 451 2312 Ἐλλάδα.

113 2330 136 2368 2.
152 2324 240 2385 Lysiae,
260 2324 290 2370 ne
307 2323 321 2369 ὲ
340 2325 439 2371 Athenes
451 2341 481 2372 en

80 2392 137 2444 tue,
147 2395 247 2434 merten
256 2392 311 2432 379.
323 2387 343 2432 ll
352 2387 412 2432 nvait
420 2404 481 2434 eom-

80 2446 137 2508 posd
149 2448 200 2510 plus
225 2449 254 2496 de
276 2448 336 2494 deux
353 2459 417 2495 cents
436 2449 481 2495 dis-

78 2524 161 2567 oonrs;
174 2508 230 2557 maia
247 2510 264 2556 il
283 2511 336 2556 n'en
353 2511 414 2556 nvait
425 2528 481 2572 pro-

80 2573 154 2618 nonce'
174 2573 379 2633 personnellement
409 2574 482 2633 qu’un

80 2628 139 2694 petit
158 2635 262 2694 nombre,
270 2651 294 2680 sa
304 2633 424 2680 condition
435 2636 481 2681 d’e'-

80 2694 210 2759 mugerlni
217 2696 481 2743 interdicantdemonter

82 2755 126 2802 itla
136 2756 228 2805 tribune
238 2768 261 2804 et
270 2758 418 2805 d'intervenir
425 2761 481 2804 dans

80 2817 112 2865 les
129 2818 220 2866 afleires
236 2821 364 2882 pnbliqnes.
377 2824 409 2867 Le
426 2837 481 2866 nom

82 2880 111 2927 de
118 2881 198 2942 Lysias
206 2883 294 2928 revient
301 2898 351 2928 sans
362 2898 421 2929 cesse
426 2884 482 2928 dans

82 2941 113 2989 les
129 2943 208 2989 traites
221 2943 331 2990 oratoires
343 2946 372 2990 de
385 2944 481 2991 ciceron

82 3013 107 3050 et
118 3006 147 3051 de
160 3004 296 3064 Quintilien.
310 3006 414 3066 Ciceron,
429 3007 482 3051 mal-

82 3067 123 3128 gra
140 3082 176 3114 ses
192 3068 298 3127 reserves,
317 3068 338 3115 le
352 3070 414 3130 place
427 3068 481 3113 tres-

531 1786 544 1809 «
554 1768 601 1828 jam
619 1769 692 1829 prope
712 1769 794 1814 audeas
817 1778 929 1816 oratorem

531 1849 544 1872 ι(
560 1829 685 1890 perlectum
712 1831 797 1878 dicere.
815 1850 828 1874 ν
856 1831 930 1892 (Bru-

530 1902 575 1951 tus,
584 1892 629 1953 rx.)
647 1892 774 1950 Quintilien
785 1902 819 1939 est
831 1893 881 1953 plus
897 1894 931 1940 sd·

529 1955 581 2000 vere
597 1968 603 2001 :
620 1973 633 1996 α
653 1953 731 2014 Lysias
753 1955 840 2000 subtilis
862 1965 930 2016 atque

531 2016 656 2088 «elegans,
671 2025 694 2062 et
706 2033 752 2077 quo
761 2016 828 2078 nihil,
842 2016 861 2061 si
878 2034 930 2063 ora-

532 2096 546 2121 n
559 2086 605 2122 tom
618 2079 671 2123 satis
684 2078 714 2124 sit
734 2079 826 2140 docere,
844 2096 930 2140 quaeras

532 2157 545 2182 (ι
560 2139 682 2198 perfectius
702 2159 708 2186 r
728 2140 786 2185 nihil
811 2150 844 2187 est
868 2142 930 2188 enim

533 2221 544 2244 u
558 2200 636 2263 inane,
650 2200 708 2246 nihil
716 2203 859 2259 arcessitum
869 2220 930 2264 puro

532 2281 545 2305 α
559 2273 633 2308 tamen
643 2263 710 2321 fonti,
719 2264 788 2322 qualrn
798 2281 880 2326 magno
889 2265 929 2310 flu-

533 2343 546 2367 n
559 2324 616 2369 mini
625 2324 728 2385 propior.
739 2343 752 2368 n
767 2326 836 2387 (Insa.
852 2329 930 2384 Orat,

531 2389 561 2443 X,
574 2386 601 2447 ι.)
618 2387 637 2431 ll
653 2386 686 2431 lui
700 2388 800 2449 ichappe
815 2389 888 2434 meme
902 2391 930 2435 de

531 2449 581 2494 dire
589 2449 687 2509 quelque
695 2459 753 2510 part,
762 2466 791 2496 en
797 2460 931 2510 comparant

531 2510 649 2558 Periclesd
660 2511 738 2570 Lysias
748 2529 754 2558 t
770 2529 783 2554 α
793 2511 856 2569 Quid
866 2513 931 2558 Peri·

532 2592 545 2618 n
560 2573 621 2618 elea?
631 2572 756 2620 similemne
764 2573 878 2619 eredimus
885 2577 931 2636 Ly·

532 2653 546 2679 ιι
559 2634 622 2680 siaeae
635 2634 772 2697 gracilitati?
782 2653 795 2679 a

563 2701 586 2740 3.
603 2695 767 2758 Thucydidios.
780 2695 877 2743 Ciceron
896 2713 934 2744 rc*

531 2758 595 2804 vient
607 2767 702 2804 convent
722 2774 760 2803 sur
782 2768 842 2805 cette
858 2758 932 2804 imita-

531 2820 582 2866 tion
601 2821 629 2867 de
649 2820 793 2880 Thucydide.
807 2820 864 2881 De'jir
877 2822 932 2866 dans

531 2882 552 2928 le
571 2885 657 2928 Brutus
677 2883 801 2943 (nxxxrn),
820 2881 838 2926 il
858 2883 932 2929 e'c'tait

532 2944 825 3005 expliqudtr'es-nettement
834 2963 840 2991 ε
850 2963 862 2988 α
871 2946 933 2992 Thn-

533 3008 672 3067 ‹ecydidem,
695 3006 780 3068 inquit,
806 3007 931 3053 imitamur.

534 3087 547 3110 u
562 3068 672 3129 Optime,
696 3068 719 3114 εἰ
736 3070 865 3115 uteorum
882 3069 944 3109 anda-

83 3128 145 3175 hant.
163 3147 178 3174 u
190 3129 268 3191 Lysias
284 3130 335 3192 ipse
352 3130 502 3194 quidemin·
539 3132 639 3192 rhene,
658 3145 712 3176 nnn
733 3129 759 3174 ἐι
777 3141 860 3195 enneae
880 3123 967 3186 &cene

79 3191 177 3249 (emit
196 3190 329 3244 forensibus
344 3213 397 3244 non
409 3211 488 3247 verene
548 3214 563 3241 a
575 3192 702 3259 cogitatu.
717 3183 888 3248 mnucymou
914 3187 987 3220 mm
