2070 3524
444 228 577 276 ORATOR.
905 237 933 276 59

80 352 125 412 ut,
137 361 229 419 quum
242 343 407 403 «minutum
418 371 431 397 »
444 345 566 403 dicimus
578 344 706 403 animum
716 365 771 425 pro
782 371 795 399 α
807 367 930 426 parvo„

80 444 111 493 et
124 433 271 493 abutimur
290 435 385 495 verbis
398 437 582 517 propinquis,
600 438 624 497 si
639 459 712 518 opus
724 450 778 516 est,
795 440 842 498 uel
856 440 934 519 quod

81 528 218 600 delectat,
233 528 279 587 vel
293 530 374 609 quod
386 532 480 590 decet.
495 534 559 589 Jarn
573 553 662 609 quum
676 530 822 592 [luxerunt
835 534 934 614 plures

81 622 227 681 continuae
245 623 456 698 translationes,
474 625 529 682 alia
544 626 630 704 plane
646 627 678 684 fit
692 627 783 685 oratio
796 626 820 688 ¹.
834 631 934 704 ltaque

82 735 174 794 genus
185 715 241 773 hoc¹
256 716 350 775 Graeci
363 717 512 796 appellant
523 716 695 796 ἀλληγορίαν,
713 720 831 778 nomine
844 723 932 797 recte,

83 828 191 886 genere
202 809 305 867 melius
315 810 376 880 ille,
389 810 440 888 qui
450 810 505 870 ista
516 811 613 868 omnia
626 812 826 870 translationes
837 826 932 878 vocat.

82 904 153 961 Haec
171 903 336 980 frequentat
352 903 508 962 Phalereus
526 904 662 975 maxime,
682 917 805 983 suntque
825 906 934 965 duleis·

82 996 167 1070 sima,
184 1009 213 1055 et
227 1016 393 1075 quanquam
411 998 559 1056 translatio
578 1011 622 1056 est
642 1000 720 1077 apud
739 1019 805 1057 eum
827 1000 933 1071 multa,

82 1104 181 1149 tamen
194 1088 408 1149 immutationes
422 1111 564 1169 nusquam
579 1091 752 1151 crebriores.

42 1176 53 1185 ’
122 1186 158 1241 In
172 1181 250 1241 idem
264 1203 354 1260 genus
371 1182 509 1241 orationis
530 1183 646 1263 (loquor
661 1184 737 1243 enim
752 1185 789 1242 de
803 1184 853 1244 illa
866 1207 933 1245 mo-

82 1277 150 1336 dica
160 1289 189 1336 et
200 1275 370 1356 temperate)
385 1277 540 1336 verborum
552 1279 659 1336 eadunt
676 1278 784 1335 lumina
802 1279 900 1336 omnia
910 1279 933 1349 ²,

84 1468 99 1493 α
112 1448 180 1494 etiam
199 1447 225 1493 in
245 1448 281 1493 his
300 1448 377 1509 rebus,
400 1448 483 1508 quibus
537 1445 698 1507 «opinionem
727 1463 796 1506 parva
826 1463 933 1493 nonnun-

21 1552 25 1559 .
83 1510 328 1568 «neminemnam,
344 1510 423 1555 vicinis
436 1527 482 1571 po·
537 1527 550 1551 a
564 1525 632 1568 quam
647 1518 770 1554 oommutat
785 1526 839 1554 aura
856 1527 935 1555 rumo-

83 1592 96 1615 α
112 1572 159 1618 tius
186 1573 219 1617 uti
242 1590 247 1618 ι
269 1573 333 1632 quod
358 1589 433 1616 rarum
457 1572 482 1617 in
538 1571 603 1616 «ris.
623 1590 636 1614 a
661 1574 692 1616 Et
711 1571 727 1615 il
746 1572 822 1629 ajoute
844 1585 851 1619 2
874 1593 885 1615 n
907 1574 935 1618 ld

83 1654 97 1678 n
112 1634 182 1696 1)er
193 1645 260 1680 est.»

116 1704 139 1743 l.
170 1696 228 1743 Alia
246 1695 318 1758 phul
342 1696 376 1757 fit
399 1698 480 1742 oratio.

80 1763 146 1807 Nous
159 1775 189 1805 ne
205 1775 300 1804 sommes
314 1759 363 1818 plus
380 1759 483 1806 habitue's

80 1821 95 1867 lt
116 1823 227 1868 entendre
254 1821 274 1866 le
301 1831 350 1867 mot
371 1821 482 1880 allegatio

80 1885 138 1930 dum
151 1899 176 1930 ee
194 1900 245 1930 sens
263 1883 337 1944 precis
352 1894 375 1929 et
393 1884 481 1929 techni-

79 1962 136 2008 que.
156 1946 177 1993 ll
194 1963 224 1992 ue
240 1946 307 2008 s‘agit
324 1962 363 2005 pas
380 1945 410 1992 ici
427 1947 481 1991 d’un

79 2021 187 2055 moroeau
225 2008 361 2054 tl'ensemble
395 2024 482 2054 nomme

79 2070 143 2117 l'ode
157 2071 268 2118 d’lloraee
280 2089 285 2117 :
297 2090 310 2112 «
319 2073 339 2115 Ο
347 2071 410 2115 navis
421 2072 458 2116 rel
469 2097 480 2106 -

82 2150 96 2176 α
106 2143 158 2179 rent
166 2134 192 2179 in
199 2148 260 2179 mare
268 2143 290 2178 te
297 2133 351 2178 novi
359 2134 458 2190 Fluctus,
468 2151 479 2176 n

81 2195 138 2241 dans
151 2196 248 2256 laquelle
262 2195 283 2240 le
296 2200 364 2255 poete
377 2195 482 2256 presente

80 2257 103 2303 la
116 2258 252 2318 republique
269 2257 370 2302 romaine
392 2273 444 2302 sous
460 2257 481 2301 la

81 2318 156 2366 forme
175 2320 231 2365 d’un
254 2319 364 2378 vaisseau3
385 2320 481 2365 Ciceron

81 2381 159 2428 etudie
180 2391 216 2428 ωε
238 2381 325 2428 artilioe
351 2381 482 2441 particulier

18 2437 25 2449 ⁶
81 2444 114 2489 du
138 2444 196 2505 style
212 2444 253 2505 qui
272 2444 345 2490 rellve
362 2443 382 2488 la
400 2444 481 2502 pensee

82 2523 124 2567 par
140 2522 185 2552 uuo
198 2505 256 2553 suite
273 2504 390 2566 d‘images.
406 2505 481 2562 Quin-

81 2568 147 2614 tilien
159 2584 217 2614 nous
232 2585 260 2614 en
274 2569 351 2613 donne
360 2584 391 2612 un
404 2582 481 2612 exem·

81 2630 129 2692 ple,
155 2631 213 2691 qu'il
238 2639 358 2690 emprunte
381 2646 409 2674 au
433 2628 481 2674 ‹lis-

81 2707 150 2739 uours
165 2708 224 2753 pour
239 2692 339 2738 Murena
360 2707 365 2734 :
384 2711 397 2735 u
413 2692 482 2748 Quod

83 2774 96 2797 α
111 2755 207 2814 fretum,
227 2771 295 2815 quern
317 2753 428 2814 Euripum
448 2762 483 2798 tot

83 2835 97 2861 a
111 2826 195 2875 motus,
210 2825 343 2876 tenuatam
355 2816 429 2861 varias
439 2816 481 2860 ha-

84 2899 98 2922 «
112 2878 482 2940 berecreditisagitationes,eom-

83 2940 259 3003 «mutationes,
275 2940 369 3000 fluetus,
387 2950 482 3000 quantas

84 3024 98 3050 ι
112 3002 295 3064 perturbationes
329 3012 352 3048 et
386 3011 483 3063 quantos

84 3084 98 3111 u
112 3074 179 3112 aestus
199 3065 267 3110 habet
290 3064 349 3111 ratio
376 3064 482 3110 comitio-

84 3148 98 3172 «
113 3131 180 3174 rum?
195 3126 249 3173 Dies
262 3127 401 3173 intermissus
415 3143 481 3186 unus,

79 3208 94 3233 α
106 3198 148 3235 aut
158 3204 207 3233 nox
223 3187 370 3252 interposita,
383 3207 446 3255 saepe
461 3201 486 3240 et

536 1652 548 1674 α
563 1633 655 1694 quoque
668 1633 692 1678 in
712 1632 792 1692 primis
812 1642 845 1679 est
858 1645 934 1680 eusto-

537 1715 549 1737 «
564 1696 684 1754 diendum,
708 1705 732 1740 ut
745 1712 792 1756 quo
808 1712 836 1741 ex
852 1713 935 1760 genere

536 1777 549 1800 «
563 1758 666 1818 coeperis,
686 1758 731 1803 hoe
747 1758 842 1804 desinas.
867 1760 934 1804 Multi

537 1840 550 1863 u
561 1823 629 1878 enirn,
638 1837 708 1880 quum
716 1820 807 1865 initium
816 1831 934 1882 intempes-

536 1902 548 1925 a
564 1892 610 1928 tate
621 1892 772 1942 sumpserunt,
783 1883 889 1929 incendio
896 1893 935 1929 aut

536 1964 547 1988 n
562 1945 628 1990 ruint
640 1945 723 1990 finiunt
732 1963 737 1991 ι
747 1961 798 2005 qnae
811 1955 844 1990 est
856 1945 934 1990 incon-

536 2025 549 2049 α
563 2008 678 2068 sequentia
691 2023 767 2052 rerum
780 2007 932 2053 foedissima.»

566 2076 589 2115 2.
620 2072 718 2114 Lumina
736 2073 820 2114 omnia.
838 2072 880 2116 Ces
900 2070 934 2116 el-

535 2130 577 2176 lets
607 2132 635 2176 de
658 2133 729 2192 style,
758 2147 795 2177 ces
822 2133 933 2193 develop-

534 2203 637 2252 pements
668 2193 756 2239 etudies
786 2209 839 2239 aveo
869 2210 932 2239 eoru·

534 2254 657 2313 plaisanee,
680 2255 785 2300 devaient
806 2255 857 2314 plus
882 2258 932 2300 tnrd

534 2317 657 2377 remplaoer
669 2316 690 2362 le
699 2317 757 2376 style
763 2317 858 2375 naturel,
872 2327 895 2362 et
901 2319 933 2363 les

534 2378 733 2439 developpements
751 2378 816 2424 utiles
831 2393 837 2422 t
853 2379 870 2423 il
887 2378 933 2425 lant

534 2440 592 2500 voir,
607 2442 663 2486 <lans
670 2442 691 2487 le
705 2441 932 2501 DialoguedesOra-

534 2514 604 2562 leurs,
621 2519 675 2549 uvee
689 2504 743 2564 quel
759 2514 933 2564 empressement

533 2566 609 2625 pueril
621 2566 642 2611 le
661 2565 739 2628 publio
755 2567 896 2611 reelrerelrait
910 2576 933 2612 et

533 2629 640 2673 admirait
674 2643 710 2673 ees
740 2628 794 2672 laux
831 2627 933 2674 brillants

534 2690 602 2736 d'une
625 2691 749 2751 eloquence
769 2705 905 2750 corrompue
925 2707 931 2736 t

535 2755 611 2798 «lam
634 2753 689 2798 veri>
711 2754 816 2812 juvenes,
837 2751 863 2796 in
883 2752 933 2814 ipsi

535 2832 548 2857 <t
562 2815 691 2860 studiorum
704 2814 786 2859 incude
798 2813 877 2874 positi,
891 2814 933 2875 qui

537 2898 548 2919 e
561 2878 677 2937 profectus
699 2876 733 2921 sui
751 2877 816 2922 eausa
832 2886 933 2922 oratores

536 2959 547 2980 α
561 2949 680 2998 sectantur,
694 2954 741 2983 non
756 2939 828 2984 solium
839 2939 928 2998 audire,

537 3002 602 3047 «sed
614 3002 682 3047 etiam
693 3002 778 3047 relerre
789 3003 882 3045 domum
893 3000 932 3044 ali·

536 3083 549 3105 «
562 3063 618 3123 quid
632 3064 719 3108 illustre
734 3073 757 3109 et
775 3063 869 3124 dignum
884 3079 931 3106 rue·

539 3146 551 3168 u
563 3124 641 3172 moria
649 3126 744 3181 uolunt,
753 3121 951 3186 trahuntque‘m·

543 3210 557 3234 a
569 3191 658 3248 uicem,
669 3204 698 3234 aa
711 3202 776 3246 supe
783 3185 817 3229 'm
826 3182 934 3222 ‘elffii
942 3189 973 3216 Ὦ

72 3251 222 3309 ‘l’mssflttl
244 3253 336 3315 omniu,
361 3265 385 3303 et
409 3266 489 3304 totam
547 3275 562 3300 c
576 3241 993 3315 promanassuassex‘uunu,uw
