2062 3510
422 199 555 250 ORATOR.
883 212 909 253 81

10 352 14 395 ;
61 312 258 389 tenuerimus3
276 329 310 374 ut
326 315 381 375 alit
397 316 428 375 in
449 323 546 391 caust,
568 318 692 377 excitato
718 338 769 378 reo
786 320 910 393 nobili¹,

60 408 179 469 sublato
196 409 281 468 etiam
305 408 366 467 filio
376 429 466 488 parvo
479 410 502 488 ¹,
517 410 656 489 plangore
668 425 697 470 et
709 411 914 472 lamentatione

60 501 271 582 complerimus
298 502 406 580 forum)
422 524 430 562 ι
448 503 498 561 sed
524 516 566 561 est
581 504 744 562 faciendum
761 506 859 576 etiam,
880 519 914 565 ut

59 594 205 653 irascatur
218 594 318 668 judex,
338 594 497 674 mitigetur,
512 594 650 666 invideat,
665 597 771 669 faveat,
783 612 912 658 contem·

59 701 124 766 nat,
144 687 316 761 admiretur,
336 686 441 758 oderit,
457 686 568 765 diligat,
582 689 691 767 cupiat,
706 689 834 750 satietate
848 691 913 750 affi-

60 782 176 851 ciatur,
202 793 314 860 speret,
343 792 467 851 metuat,
498 779 627 851 laetetur,
655 781 771 856 doleat3
801 789 859 860 qua
882 785 914 843 iu

10 878 12 883 '
36 926 39 931 .
60 871 204 932 varietate
218 872 367 931 duriorum
380 871 542 930 accusatio'
559 873 757 953 suppeditabit
767 876 911 954 exempla,

60 964 211 1026 mitiorum
224 966 406 1025 defensiones
416 984 496 1025 meae.
515 965 601 1025 Nullo
612 967 690 1024 euim
703 969 791 1026 modo
801 969 913 1029 animus

58 1175 123 1221 pour
143 1159 263 1221 apprecicr
277 1174 303 1205 ce
317 1169 461 1206 mouvement

59 1220 175 1269 oratoire.
189 1221 250 1280 Sylla
263 1221 299 1266 snt
307 1223 396 1268 absens.

93 1291 117 1329 l.
134 1284 243 1330 Esdram
259 1299 298 1329 reo
318 1283 398 1329 nobili.
413 1287 460 1330 Lu-

10 1354 17 1361 ·
58 1345 110 1392 cius
137 1346 230 1392 Flaccus
257 1360 302 1406 que
328 1348 359 1391 D.
384 1346 461 1393 Lelius

60 1407 163 1463 semmait
184 1408 213 1454 de
234 1407 368 1453 concussion
390 1407 461 1453 isson

60 1479 143 1527 retour
175 1469 251 1515 d‘Asie
280 1469 384 1515 Miueure
417 1469 461 1530 (en

60 1532 109 1577 l'srs
130 1531 197 1592 694).
222 1530 357 1577 Hortensius
378 1540 402 1577 et
421 1531 461 1577 Ci-

59 1593 133 1641 esron
153 1593 175 1639 le
195 1593 347 1639 delendirent.
364 1592 461 1639 ciceron

59 1654 103 1701 tait
127 1653 225 1701 allusion
247 1671 275 1700 au
298 1670 391 1717 passage
414 1655 459 1712 oia,

26 1732 29 1737 ·
59 1717 184 1779 rappelant
202 1718 224 1762 lc
245 1716 294 1762 role
314 1733 359 1776 que
371 1716 461 1762 Flaccus

58 1779 122 1825 avait
128 1779 185 1839 J’oud
196 1778 209 1823 is
219 1778 326 1839 l’dpoque
335 1779 364 1824 de
372 1778 394 1822 la
404 1794 460 1824 con·

58 1840 163 1951 jsrgtion
176 1840 319 1947 ‹litlslfatilinm
333 1840 350 1884 il
367 1840 458 1886 s’ecrie:

60 1920 76 1946 ι
122 1918 170 1948 nox
228 1935 235 1959 ‚
281 1918 299 1947 ω
334 1917 381 1948 aene
394 1911 460 1948 aeter·

59 1982 74 2008 a
86 1980 129 2010 uas
144 1963 200 2010 hnic
215 1918 385 2009 urlllutenldhras
399 1973 460 2008 attu-

58 2025 134 2071 «listi
147 2025 352 2084 lQuumGalliad
366 2025 459 2087 bellum,

60 2088 185 2135 «Catilina
218 2087 248 2133 ad
277 2088 375 2147 urbem,
403 2103 460 2133 cou-

19 2180 22 2185 -
59 2149 159 2210 ejurati
168 2149 198 2195 ad
208 2148 293 2195 ferrum
308 2158 332 2195 et
348 2149 460 2194 flammam

59 2212 246 2266 «vocabantun
264 2227 334 2272 quum
352 2226 395 2273 ego
420 2219 458 2269 te,

58 2292 73 2317 α
86 2273 186 2337 Flacco,
213 2273 294 2319 coslum
325 2282 460 2333 noctemque

58 2353 73 2378 α
85 2343 229 2393 contestans,
243 2333 300 2380 fleus
309 2335 401 2380 flentem
416 2335 459 2380 ob-

58 2397 203 2456 «tcstsbar3
231 2412 302 2457 quum
332 2405 377 2441 tuae
404 2397 459 2441 fidei

58 2476 73 2503 ι
84 2459 180 2519 optimas
188 2467 211 2504 et
220 2457 388 2518 spectatissimas
398 2458 459 2502 salu·

57 2530 133 2567 utem
155 2519 219 2566 urbis
240 2529 264 2566 et
291 2519 374 2565 civium
395 2535 459 2565 com-

56 2582 231 2628 mendabam.
244 2584 280 2629 Tu
305 2591 363 2640 tum,
379 2581 459 2628 Flacca

57 2662 73 2688 a
84 2653 181 2706 praetor,
195 2643 321 2689 communis
332 2643 459 2688 exitiiuuu-

57 2725 72 2751 a
84 2705 132 2753 fios
140 2705 266 2768 cepisti3tu
277 2705 459 2751 inclusamiulit·

57 2786 72 2813 ι
83 2767 141 2814 teris
159 2768 291 2828 reipublicae
310 2777 397 2827 pestem
417 2768 458 2813 de-

57 2849 72 2874 «
85 2829 245 2891 prehendisti3
264 2839 289 2875 tu
304 2829 459 2890 periculorum

58 2910 72 2937 c
83 2891 224 3000 indiecda’dm
240 2890 318 2998 saltutis
329 2891 419 2998 affa-
429 2893 458 2937 ad

57 2970 122 3000 «me
170 2970 183 2999 a
210 2969 338 2999 muauma
382 2963 456 2999 isti.»

56 3019 96 3064 On
118 3015 162 3062 snit
187 3031 217 3061 eu
238 3015 351 3076 elletque
366 3016 459 3061 Flaccus

57 3078 118 3125 avait
142 3078 242 3139 apportt's
268 3077 282 3123 a
306 3077 404 3124 Cict'rron
427 3079 459 3123 les

57 3140 173 3200 depeehes
188 3140 286 3186 confides
305 3156 350 3201 par
371 3142 459 3187 Lentu·

48 3202 87 3246 lm
94 3216 141 3245 anx
152 3200 250 3261 deputes
258 3202 300 3249 des
309 3203 460 3271 Allobroges.

548 1167 571 1206 2.
586 1159 682 1207 Sathro
690 1160 758 1205 eriam
767 1160 823 1222 filio
831 1179 911 1223 parvo.

515 1221 582 1268 Voicl
600 1223 622 1268 le
642 1237 735 1285 passage
752 1232 804 1268 tout
819 1224 911 1272 eutiera

515 1283 620 1341 «Huic,
644 1285 700 1329 huic
726 1285 808 1330 misero
825 1300 911 1345 puero,

516 1365 528 1388 a
542 1356 616 1392 vestro
635 1362 661 1391 ac
678 1346 804 1391 liberorum
823 1357 911 1394 vestro·

515 1424 591 1452 «rum
613 1407 724 1468 supplici,
747 1408 850 1467 judices,
869 1409 912 1455 hos

515 1488 528 1512 «
538 1469 626 1529 judicio
643 1469 735 1514 vivendi
746 1480 859 1530 praecepta
870 1473 912 1516 da·

515 1548 529 1574 α
541 1532 604 1579 bitis.
618 1531 660 1578 cui
673 1531 693 1576 si
711 1540 800 1591 patrem
819 1547 911 1578 conssr-

517 1611 528 1635 a
541 1593 609 1649 vatis,
620 1593 693 1654 qualis
707 1594 756 1654 ipse
772 1593 856 1639 debeat
865 1610 913 1641 csse

516 1655 611 1718 «civis,
629 1655 792 1717 praescribetis;
812 1655 848 1701 slu
866 1657 912 1702 en'-

516 1734 528 1759 «
540 1717 603 1778 pitis,
617 1717 741 1764 ostendetis
752 1718 819 1763 bonae
826 1719 912 1765 rationi

516 1794 529 1821 α
540 1790 564 1825 et
574 1780 687 1825 constanti
702 1789 725 1825 ct
740 1779 806 1842 gravi
822 1780 911 1826 nullum

514 1857 553 1886 «a
566 1840 632 1886 vohis
648 1840 746 1886 fructum
761 1856 809 1887 esse
821 1857 911 1903 propo-

514 1920 527 1944 α
539 1903 617 1951 situm.
628 1903 674 1960 Qui
685 1919 741 1966 vos,
757 1903 868 1964 quoniam
885 1904 911 1949 id

514 1974 573 2010 «est
592 1964 679 2024 aetatis,
702 1975 727 2010 ut
750 1980 840 2010 sensum
863 1967 911 2025 jam

514 2045 527 2069 α
538 2027 656 2087 percipere
678 2026 751 2088 possit
766 2043 794 2072 ex
815 2043 912 2074 moerore

513 2106 527 2132 c
537 2088 622 2148 patrio,
636 2088 746 2134 auxilium
754 2091 859 2135 nondum
872 2106 910 2149 pa-

514 2169 526 2192 «
540 2150 570 2194 tri
581 2150 639 2195 serre
650 2151 732 2211 possit,
744 2159 796 2195 orat
805 2166 834 2196 ne
846 2168 911 2198 suum

513 2230 526 2254 ι(
539 2213 625 2256 luctum
638 2211 710 2270 patris
720 2211 826 2274 lacrimis,
840 2215 911 2273 patris

513 2292 527 2315 (ι
537 2287 657 2318 moerorem
673 2289 714 2318 suo
729 2273 784 2318 fletu
800 2275 909 2335 augeatis.

513 2353 526 2377 ιι
539 2335 585 2391 Qui
604 2334 671 2380 edam
693 2349 731 2380 me
749 2334 859 2397 intuetur,
875 2353 912 2385 rue

513 2414 526 2440 a
538 2396 602 2441 vultu
607 2397 715 2457 appellat,
722 2412 795 2442 meam
800 2399 915 2457 quodam-

513 2460 608 2504 «modo
631 2458 687 2505 flens
704 2458 773 2504 iidem
794 2458 909 2520 implorat,

514 2540 525 2562 n
539 2536 567 2566 ac
579 2522 662 2580 repetit
670 2536 720 2566 eam
730 2537 798 2582 quam
812 2537 856 2585 ego
868 2539 911 2583 ps-

513 2583 568 2628 «tri
585 2597 626 2628 suo
645 2583 764 2643 quondam
778 2599 820 2642 pro
841 2584 912 2630 saluto

513 2661 526 2687 a
538 2644 619 2704 patrias
636 2645 816 2706 spoponderim,
834 2645 912 2730 dipui-

513 2725 527 2749 n
540 2715 616 2753 tatem.
631 2724 644 2749 r
657 2705 754 2752 ciceron
768 2706 845 2751 obtint
855 2709 912 2754 lac-

512 2769 649 2829 quittement
661 2770 689 2814 de
699 2768 800 2824 Flaccus,
809 2768 913 2831 quoique

511 2846 554 2876 sou
577 2830 703 2877 innoceuce
726 2830 762 2876 fut
785 2847 813 2875 au
839 2833 914 2879 moins

512 2893 630 2938 douteuse.

544 2959 567 2999 ³.
581 2958 712 3004 Accusatio.
737 2958 780 3002 Les
791 2958 911 3005 Verrines.

513 3015 609 3062 ciceron
629 3017 728 3077 emploie
746 3034 772 3063 ce
792 3027 842 3062 mot
857 3019 914 3063 dans

513 3094 544 3123 uu
555 3093 607 3124 sens
618 3080 709 3134 absolu,
717 3089 741 3125 et
753 3096 783 3124 au
793 3078 916 3138 siugulier,

515 3157 585 3204 parce
599 3143 673 3203 quen
685 3141 775 3188 eiiet'u
791 3138 936 3193 perempto

520 3202 954 3270 qn'nnetotstetoxaunomsmau.

856 3303 880 3346 t»
