2070 3524
104 293 147 334 m
458 288 591 334 ORATOR.

976 272 978 285 l

972 298 978 339 l

103 404 224 482 luptate,
235 416 296 461 tum
304 401 412 461 dicitur
420 422 556 461 numeros
570 415 696 472 secutus,
710 399 929 481 quibusetiamiu
976 390 978 397 ’

102 497 234 555 oratione
251 509 410 570 uteremur,
425 516 515 575 quum
528 493 716 575 jucunditatis
729 500 831 564 causa,
844 506 897 552 tum
906 504 930 549 ut
969 494 978 511 ''

103 588 227 648 varietas
247 601 414 648 occurreret
434 588 565 647 satietati.
580 590 665 662 Quod
686 588 724 647 ab
743 589 779 647 iis
796 589 930 663 veriqul·

102 684 168 740 dam
184 701 220 739 ex
237 694 336 760 parte,
352 702 412 740 non
431 693 522 740 totum
539 680 655 740 dicitur.
668 684 743 740 Nam
757 679 894 740 neminem
909 677 931 735 iu

102 794 138 843 eo
155 793 260 852 genere
282 774 417 833 scientius
440 785 586 833 versatum
609 777 737 834 Isocrate
756 773 931 834 confitendum

102 880 146 927 est
172 890 179 927 ε
206 869 256 927 sed
281 867 417 948 princeps
445 867 611 926 inveniendi
636 866 690 926 fuit
709 865 931 945 Thrasymachus,

101 961 182 1035 cujus
204 961 301 1020 omnia
321 963 405 1020 nimis
423 962 509 1020 etiarn
529 973 641 1020 exstant
658 958 766 1040 scripta
787 957 932 1019 numerosi.

101 1059 186 1128 Nam,
201 1067 234 1113 ut
251 1054 339 1133 pauld
359 1055 425 1113 ante
440 1053 513 1124 dixi,
526 1052 609 1134 paria
626 1053 746 1132 paribus
764 1053 901 1135 adjuncta,
912 1062 934 1108 et

102 1147 233 1205 similiter
246 1146 374 1218 definita,
387 1147 514 1224 itemque
527 1145 679 1206 contrariis
693 1146 784 1205 relata
796 1145 932 1214 contraria,

101 1260 166 1318 quae
176 1245 227 1298 sua
241 1252 356 1318 sponte,
369 1239 479 1298 etiarnsi
491 1240 522 1297 id
534 1260 593 1298 non
607 1260 686 1317 agas,
700 1242 811 1297 cadunt
821 1238 933 1318 plerum·

101 1353 158 1411 que
179 1333 348 1403 numerose,
365 1333 487 1409 Gorgias
501 1333 612 1412 primus
634 1331 763 1403 invenit;
783 1333 835 1390 sed
853 1330 886 1390 iis
902 1340 935 1388 est

101 1447 170 1485 usus
191 1425 442 1505 intemperantius.
465 1427 500 1483 ld
525 1438 619 1484 autem
639 1438 682 1483 est
699 1445 808 1503 genus,
832 1436 865 1483 ut
883 1423 939 1501 auti·

102 1519 211 1578 dictum
226 1533 285 1589 est,
299 1540 335 1578 ex
353 1519 444 1576 tribus
458 1519 588 1597 partibus
603 1518 802 1577 collocationis
817 1518 933 1576 alteram.

101 1616 212 1670 Horum
239 1624 361 1689 uterque
383 1615 540 1670 Isocratem
565 1623 648 1670 aetate
665 1610 833 1691 praecurrit,
852 1623 881 1669 ut
898 1628 936 1668 eos

102 1705 150 1763 ille
166 1705 381 1776 moderatione,
400 1724 459 1762 non
479 1704 644 1763 inventione
663 1704 776 1766 vicerit.
797 1709 849 1764 Est
862 1703 935 1773 euim,

101 1807 135 1852 ut
156 1795 187 1853 in
206 1796 410 1853 transferendis
432 1796 628 1875 faciendisque
643 1796 738 1855 verbis
757 1794 935 1875 tranquillior,

102 1886 143 1946 sic
160 1888 190 1946 in
209 1886 278 1966 ipsis
297 1888 422 1947 numeris
437 1889 574 1950 sedatior.
589 1887 711 1966 Gorgias
730 1902 827 1949 autem
841 1887 936 1947 avidior

103 1995 145 2040 est
168 1981 281 2057 generis
304 1981 375 2058 ejus,
400 1995 428 2040 et
449 1983 484 2040 iis
505 1983 706 2042 festivitatibus
724 1981 778 2062 (sic
793 1984 869 2042 enim
887 1982 937 2060 ipse

103 2076 215 2143 censet)
229 2070 398 2130 insolentiis
418 2072 545 2132 abutitur
568 2097 575 2132 ι
600 2094 671 2152 quas
690 2079 848 2150 Isocrates,
863 2090 938 2152 quuru

104 2178 200 2223 tamen
214 2164 368 2223 audivisset
387 2165 418 2222 in
436 2166 581 2224 Thessalia
595 2168 761 2227 adolescens
780 2188 876 2228 senem
888 2166 937 2246 jan

104 2258 261 2335 Gorgiam,
279 2259 455 2317 moderatius
471 2261 556 2318 etiarn
577 2263 760 2341 temperavit.
774 2259 939 2337 Quinetiam

103 2370 134 2409 se
154 2350 217 2429 ipse
237 2355 367 2422 tautum,
388 2356 528 2430 quantum
549 2366 632 2412 aetate
653 2355 831 2433 procedebat
850 2351 939 2434 (propi

104 2442 181 2501 enim
197 2456 312 2501 centurn
328 2445 453 2504 confecit
470 2446 585 2526 annos),
600 2447 744 2520 relaxarat
761 2449 881 2509 animia
896 2465 939 2505 ne-

105 2537 233 2594 cessitate
253 2556 460 2612 numerorum3
482 2540 559 2615 quod
581 2540 706 2599 declarat
730 2541 761 2600 in
789 2563 825 2601 eo
846 2538 940 2609 libr·o¹,

105 2649 190 2708 quent
206 2630 243 2687 ad
257 2627 421 2708 Philippum
436 2633 622 2691 Macedonem
636 2634 769 2713 scripsit,
786 2632 941 2714 quantiam

107 2724 260 2782 admodum
281 2736 357 2782 esset
372 2743 461 2782 senex
476 2745 483 2786 :
501 2727 532 2784 in
550 2747 608 2804 quo
622 2727 691 2786 dicit
706 2748 768 2788 sese
785 2729 879 2788 minus
891 2729 941 2802 jau

105 2816 212 2873 servire
235 2816 378 2887 numeris,
394 2821 482 2894 quam
505 2819 605 2878 solitus
625 2835 708 2882 esset.
722 2825 772 2881 -lta
787 2843 848 2882 non
868 2818 942 2881 modi

103 2907 280 3006 superiores,
296 2908 443 2968 sedetiam
457 2932 487 2970 se
501 2913 563 2992 ipse
577 2927 754 2976 correxerat.

134 3172 155 3214 t.
170 3166 200 3212 Iu
214 3164 321 3213 alibro.
335 3167 433 3214 Isocrate
446 3186 500 3215 sou-
559 3171 632 3216 s’unir
655 3187 715 3233 pour
740 3171 809 3219 lutter
830 3182 908 3219 couno
929 3169 945 3213 ¹²

95 3228 233 3277 tenaitdanr
243 3239 279 3278 cet
289 3245 392 3298 ouvrage
398 3248 444 3296 que
450 3244 505 3281 tous
561 3236 647 3289 Perse,
669 3243 696 3280 et
714 3248 794 3279 cauum
807 3234 860 3279 leur
876 3232 950 3277 luxti

82 3288 224 3358 lupeuptes
233 3296 264 3345 dc
272 3296 297 3344 lu
309 3296 385 3347 crece
397 3298 509 3348 dcvuieut
569 3293 688 3344 menac'ce.
