2062 3510
455 111 587 158 ORATOR.
915 116 943 157 5³

89 226 224 304 ponitur,
236 227 315 304 quod
325 225 402 284 idem
416 225 445 284 in
458 226 517 284 alte
528 227 654 288 deceret.
668 227 751 286 Illam
765 239 862 287 autem
877 248 945 285 con-

89 317 274 395 cinnitatem,
299 339 362 396 quae
384 318 539 377 verborum
561 319 779 379 collocationem
802 318 944 378 illuminat

88 409 127 469 iis
141 409 312 484 luminibus,
328 431 392 489 quae
406 413 510 485 Graeci,
532 411 614 489 quasi
633 413 745 490 aliquos
759 425 857 490 gestus
874 433 944 471 ora-

89 503 192 579 tionis,
204 503 330 583 σχήματα
341 506 349 535 ¹
363 505 510 584 appellant
523 504 616 585 (quod
626 506 703 566 idem
716 506 837 564 verbum
851 505 887 564 ab
900 504 943 564 his

90 596 184 655 etiam
195 594 226 653 in
244 595 449 655 sententiarum
467 609 636 656 ornamenta
654 599 823 657 transfertur
833 597 871 678 ²),
891 598 942 656 ad-

91 688 176 749 hibet
186 686 301 767 quidem
318 688 367 747 hic
387 681 509 765 subtilis,
530 710 629 768 quem,
650 689 705 749 nisi
719 688 797 768 qudd
816 691 941 766 solum',

90 781 261 860 ceteroquin
273 782 352 841 recte
370 781 488 859 quidam
506 795 610 842 vocant
629 783 766 864 Atticum,
786 787 837 844 sed
856 782 943 864 pauld

89 875 220 955 parcius.
234 878 308 933 Nam
322 874 394 933 sicut
408 874 438 932 in
450 875 601 954 epularum
611 890 766 957 apparatu,
778 899 796 937 a
810 879 943 955 magnifi-

90 969 187 1029 centie
200 969 349 1040 recedens,
365 988 424 1026 non
436 989 466 1027 se
475 990 595 1048 parcum
609 971 713 1043 solum,
727 973 778 1030 sed
792 971 942 1031 etiamele·

91 1076 209 1141 gentem
221 1061 313 1121 videri
325 1062 418 1136 volet3
433 1062 529 1140 eliget,
539 1062 644 1142 quibus
655 1077 764 1124 utatur.
780 1068 853 1124 Sunt
865 1066 942 1124 enim

90 1157 234 1235 pleraque
248 1166 315 1233 apta
332 1153 416 1227 hujus
433 1153 523 1233 ipsius
540 1156 674 1236 oratoris,
694 1157 730 1216 de
751 1179 809 1237 quo
825 1159 940 1237 loquor,

90 1247 287 1330 parsimoniis.
300 1250 375 1306 Nam
385 1247 445 1320 illa,
457 1249 606 1327 dequibus
617 1251 684 1308 ante
694 1250 767 1322 dixi,
779 1250 847 1309 huic
858 1262 942 1310 acuto

92 1343 229 1419 fugienda
240 1353 318 1413 sunt,
331 1340 414 1421 paria
425 1341 544 1420 paribus
559 1341 649 1400 relata
659 1341 682 1415 ⁴,
696 1354 725 1401 et
735 1343 866 1402 similiter
875 1364 942 1402 con·

90 1583 126 1622 est
137 1573 312 1631 tresoommun3
325 1572 342 1617 il
353 1588 451 1634 suppose
463 1589 493 1617 ou

90 1637 175 1693 solito,
187 1652 218 1683 on
229 1644 303 1695 recto,
316 1650 347 1680 ou
355 1651 417 1697 aequo
427 1651 492 1681 sous-

91 1698 203 1746 cntendu.

124 1767 148 1806 l·
161 1761 287 1824 Σχήματα,
300 1759 383 1823 figures
394 1759 423 1805 de
433 1767 492 1804 mots

90 1840 123 1869 ou
135 1824 164 1869 de
180 1823 282 1883 penedes.
295 1823 327 1868 Ce
341 1831 390 1867 mot
404 1821 491 1881 upasse

90 1901 147 1932 avec
160 1885 183 1931 le
199 1894 273 1944 temps
293 1885 348 1930 dans
367 1884 390 1928 la
409 1883 491 1946 langue

90 1947 163 1993 latine
177 1964 183 1993 ι
197 1966 211 1990 α
223 1946 339 2010 Σχήματα
350 1961 400 2006 quae
410 1955 492 1991 vocant

92 2030 105 2054 ι
120 2008 213 2067 Graeci,
237 2025 264 2054 ea
289 2007 387 2054 maximis
410 2016 492 2052 ornant

93 2080 237 2117 «oratorem
259 2086 354 2131 :euque
376 2085 425 2114 non
446 2078 491 2113 tam

94 2152 109 2175 α
121 2133 148 2178 in
168 2131 243 2177 verbis
263 2131 384 2207 pingendis
407 2132 492 2176 hubent

95 2214 109 2237 u
121 2194 221 2256 pondus,
232 2210 299 2255 quam
307 2211 331 2239 1n
338 2192 492 2239 illuminandis

94 2276 109 2299 «
121 2255 246 2303 sententiis.
254 2276 267 2300 >r
274 2258 377 2317 (Brutus,
384 2255 490 2315 xxxvii.)

94 2317 220 2381 «Proprie
238 2320 327 2365 schema
348 2316 443 2375 dicitur,
467 2317 492 2362 in

94 2402 108 2426 α
120 2397 188 2429 sensu
204 2381 241 2427 rel
261 2395 365 2427 sermone
384 2379 458 2438 aliqua
479 2395 492 2424 a

93 2464 108 2490 a
119 2443 209 2516 vulgari
219 2453 243 2489 et
253 2441 350 2503 simplici
361 2441 435 2501 specie
441 2457 492 2486 cum

36 2517 41 2522 '
94 2502 491 2565 umuonemututio.»(Quintilien,

95 2573 159 2629 luto
169 2570 248 2625 Orat„
260 2570 299 2624 lX,
311 2566 339 2629 1.)

126 2637 150 2676 ἱ,
173 2631 205 2675 In
233 2630 395 2676 sententiarum
423 2645 493 2674 orna-

94 2703 173 2739 menta
199 2692 347 2754 transfertur.
367 2691 494 2749 Quintilien

94 2762 189 2802 monte
212 2754 235 2800 le
263 2753 373 2815 plaisante
398 2752 494 2799 histoire

95 2819 153 2864 d’un
167 2824 260 2875 avocat,
273 2815 326 2876 qui,
345 2831 404 2875 pour
418 2815 494 2875 placer

92 2896 128 2925 un
138 2888 283 2925 mouvement
299 2877 398 2923 orntoirc
409 2878 466 2922 dont
477 2876 493 2921 il

95 2941 208 2988 sttendsit
215 2942 332 3012 beaucoup
340 2938 427 2997 deflet,
436 2939 495 2984 avait

546 1573 636 1618 ddclara
648 1573 705 1634 qu’il
716 1572 771 1619 enit
781 1574 835 1634 pret
845 1573 859 1619 t
868 1574 940 1634 juror,

545 1645 569 1680 et
583 1636 604 1681 le
621 1637 677 1698 juge
696 1636 729 1680 lui
744 1636 839 1698 adjugeu
855 1637 876 1682 le
888 1635 942 1700 gain

545 1698 576 1742 du
587 1698 667 1757 procds
673 1731 679 1756 ,
694 1699 780 1760 melgrd
790 1698 822 1744 les
834 1698 942 1744 domeure

544 1760 573 1805 de
588 1760 737 1819 l'imprudent
750 1769 829 1805 avocat
843 1760 884 1820 qui
895 1761 941 1806 s‘e·

543 1821 609 1866 criuit
640 1821 697 1882 qu'il
727 1822 767 1881 n‘y
796 1822 870 1866 aurait
890 1823 942 1882 plus

544 1884 785 1992 ttttmllttlt't
800 1883 833 1928 ¹⁰⁸
847 1884 939 1947 ‘lgm’

576 2013 598 2052 3.
611 2008 663 2054 Nisi
676 2007 738 2068 quod
751 2007 838 2066 solum,
851 2023 941 2067 pourvu

544 2071 616 2129 qu'ou
631 2084 661 2114 ne
671 2069 759 2114 reservo
769 2070 834 2129 pasl
849 2069 882 2113 lui
893 2071 940 2115 seul

544 2132 565 2176 le
576 2147 630 2175 nom
641 2130 770 2191 d'Attique.

577 2197 600 2237 t.
615 2193 688 2239 Pario
696 2191 791 2253 paribus
801 2191 884 2249 relata,
897 2200 940 2236 etc.

545 2256 608 2300 Deus
628 2262 680 2299 tout
701 2269 727 2300 ce
749 2269 843 2316 passage
861 2252 878 2297 il
894 2252 943 2298 faut

544 2332 568 2362 se
578 2316 683 2378 rappeler
691 2333 736 2378 que
742 2315 839 2363 Ciceron
845 2331 874 2361 ne
880 2316 942 2376 purlc

545 2395 589 2440 que
611 2381 650 2425 des
672 2379 752 2426 de'tails
774 2380 805 2424 du
828 2378 897 2437 style,
919 2387 941 2423 et

544 2457 626 2488 encore
642 2443 682 2487 des
697 2441 776 2488 details
790 2442 822 2486 les
837 2441 887 2501 plus
898 2441 942 2484 mi-

544 2504 648 2550 nutieux.
677 2505 720 2549 Les
748 2503 851 2548 rheteum
879 2517 943 2563 grecs

544 2566 632 2612 avaient
650 2582 680 2610 un
698 2581 753 2610 nom
769 2580 830 2624 pour
843 2564 943 2609 checune

546 2629 575 2674 de
590 2644 627 2674 ces
641 2626 779 2673 delicatesses
790 2627 818 2672 de
830 2626 882 2670 l'art
893 2625 942 2671 d'r'e-

545 2690 620 2750 crire3
644 2688 702 2734 ainsi
728 2704 759 2734 on
785 2687 940 2751 distingunit:

548 2759 572 2798 l⁰
583 2753 604 2798 le
616 2753 740 2812 Ildptoov:
753 2750 812 2799 «Sic
821 2750 894 2796 inhac
905 2766 942 2795 co-

548 2834 561 2858 «
572 2814 674 2859 lumitosl
687 2815 766 2874 samd,
783 2812 846 2873 quasi
860 2811 885 2857 in
900 2811 943 2856 ali-

549 2896 562 2919 u
573 2876 619 2937 qul
633 2875 821 2935 perniciosissimi
836 2875 942 2934 flammei.

548 2958 562 2982 ι(
573 2963 604 2973 -
614 2941 667 2985 Non
680 2939 752 2983 verbis
766 2939 808 2984 sed
822 2938 906 2983 armis.
915 2959 946 2969 -

96 3004 157 3051 defit
167 3018 211 3049 son
221 3002 348 3049 adversane
358 3017 387 3048 en
398 3018 434 3049 ces
446 3011 494 3049 ter·
551 3020 566 3047 α
573 3004 634 3051 llon
643 3003 759 3051 Pisonum
767 3001 827 3058 &l
838 2999 969 3058 llwm‘

46 3122 50 3131 .
91 3066 308 3121 meadum-en
322 3082 368 3129 Par
386 3066 419 3115 les
440 3084 497 3116 oen·
557 3088 613 3115 u-
626 3069 669 3117 Ex
688 3076 788 3113 oratore
808 3069 940 3130 erutor.)
956 3057 988 3117 Ψ,

64 3172 67 3177 ,
84 3126 140 3171 dm
153 3125 185 3173 do
200 3136 267 3175 rotro
280 3129 348 3191 pere.
366 3150 382 3178 rs
402 3134 502 3184 L’uutre
559 3136 584 3184 le
598 3134 752 3199 notentur
773 3122 887 3189 llllffl‘
906 3132 927 3162 ²
943 3119 1015 3152 lm
