2070 3524
450 255 584 303 ORATOR.

200 489 236 538 De
250 484 406 539 l'hurmonie
417 485 481 554 dans
491 486 643 538 l'ensemble
656 484 703 537 des
715 484 839 556 periodes

324 585 359 619 ou
375 566 413 620 du
425 567 538 620 nombre
551 585 582 618 en
596 567 711 637 ge'neral.

132 748 241 806 XXIV.
264 749 361 806 Genus
377 745 449 803 illud
464 745 580 804 tertium
595 744 768 823 explicetur,
789 743 872 821 quale
892 740 929 807 sit,

95 860 252 898 numerosae
267 852 295 898 et
308 853 382 918 aptae
400 839 549 898 orationis.
565 840 649 913 Quod
660 837 711 916 qui
727 859 788 896 non
805 836 929 903 sentiunt,
951 832 954 839 '

94 953 164 1010 quas
179 953 262 991 aures
278 932 402 991 habeant
414 945 464 990 aut
478 931 548 1009 quid
561 932 591 989 in
605 930 640 989 iis
650 930 777 989 hominis
789 928 879 988 simile
891 927 929 998 sit,

95 1027 201 1084 nescio.
219 1030 289 1082 Meae
305 1025 421 1103 quidem
437 1037 465 1082 et
480 1025 610 1104 perlecto
626 1023 831 1102 completoque
843 1019 930 1080 verbo

95 1137 158 1175 num
180 1117 290 1175 ambitu
311 1119 447 1193 gaudent,
468 1129 497 1174 et
515 1104 596 1175 cuita
614 1117 753 1187 sentiunt,
773 1135 829 1174 nec
847 1124 932 1172 amant

94 1208 296 1268 redundantia.
309 1208 384 1283 Quid
399 1208 465 1267 dico
481 1229 557 1267 ineas
568 1213 579 1266 Ρ
591 1208 746 1267 conciones
761 1227 839 1288 saepe
849 1206 932 1266 exels-

1 1305 3 1311 ’
94 1322 173 1359 mare
198 1300 273 1373 vidi,
300 1322 388 1380 quum
408 1305 475 1379 apte
498 1302 586 1360 verba
610 1301 791 1362 cecidissent.
816 1301 850 1359 ld
866 1299 931 1358 enim

94 1406 263 1475 exspectant
281 1414 381 1466 aures,
401 1406 434 1453 ut
452 1395 546 1453 verbis
566 1394 739 1471 colligentur
758 1391 931 1453 senteutiae.¹.

94 1494 158 1547 Non
173 1501 235 1546 erat
254 1489 309 1546 hoc
326 1489 404 1566 apud
418 1486 562 1565 antiquos.
585 1491 621 1544 Et
639 1486 757 1564 quidem
775 1486 848 1544 nihil
865 1482 932 1542 «liud

94 1583 153 1640 tei-e
164 1603 222 1640 uon
237 1582 336 1654 erat²3
352 1601 419 1639 nam
434 1593 462 1638 et
477 1580 564 1639 verba
576 1579 733 1658 eligebant,
751 1593 779 1638 et
790 1577 935 1638 sententias

93 1695 196 1753 graves
221 1688 250 1734 et
281 1695 381 1733 suaves
403 1673 604 1753 reperiebant3
630 1674 681 1733 sed
703 1694 751 1732 eas
770 1686 821 1732 aut
838 1672 935 1731 vincie-

94 1767 164 1825 bant
178 1782 227 1826 aut
241 1767 397 1845 explebant
410 1772 525 1846 patum.
544 1769 609 1825 Hoc
622 1786 670 1825 me
687 1767 783 1845 ipsum
802 1767 935 1836 delectat,

124 2031 146 2068 l.
157 2027 187 2071 Ut
197 2025 270 2070 vertis
282 2025 423 2086 colligentur
433 2042 488 2070 sen-

543 2045 555 2069 «
570 2026 730 2088 distinguatur,
745 2034 769 2070 et
786 2023 940 2071 conversiones

93 2088 175 2134 tentio.
191 2087 254 2131 Cette
269 2086 357 2132 theorie
371 2089 404 2132 du
420 2103 487 2132 norn-

542 2108 555 2131 «
568 2089 649 2134 habeat
657 2087 809 2133 absolutas...
818 2089 898 2148 Neque
903 2099 940 2129 vos

92 2148 133 2194 bre
149 2159 172 2194 et
189 2149 219 2193 de
237 2149 371 2194 l'harmonie
391 2151 447 2194 dans
467 2150 488 2195 le

92 2210 149 2270 style
161 2210 220 2256 avait
238 2211 288 2271 dtjssa
301 2212 335 2258 ete
349 2211 488 2272 developpee

93 2290 133 2332 par
140 2274 231 2319 Crassus
237 2275 293 2319 daus
300 2275 321 2320 le
332 2274 398 2320 traite
405 2276 432 2318 de
440 2276 488 2320 l’O·

92 2347 175 2396 auteur,
184 2336 488 2397 111‚xnx.cictron‚quila

93 2400 192 2458 reprend
200 2397 230 2444 ici
239 2409 261 2444 et
268 2399 360 2445 l’etudie
372 2400 428 2444 dans
438 2408 489 2443 tous

91 2474 125 2504 ses
136 2461 228 2516 details,
240 2460 328 2520 pensait
345 2476 390 2520 qne
406 2462 488 2505 l’exer-

92 2521 139 2566 cice
163 2523 192 2566 de
214 2521 236 2565 la
256 2521 333 2581 parole
359 2532 382 2566 et
407 2522 489 2566 l'liabi-

93 2584 147 2628 tude
158 2582 253 2628 d’ecrire
264 2582 368 2628 devaient
379 2583 489 2643 ussouplir

92 2655 260 2707 promptemcnt
272 2646 292 2690 le
308 2645 364 2704 style
378 2645 407 2690 de
420 2645 488 2688 l'ora-

93 2709 165 2753 teur'a
180 2716 240 2754 cette
257 2707 363 2752 methodo
375 2721 404 2752 en
417 2722 488 2766 appa-

92 2783 157 2814 rence
172 2769 191 2814 si
205 2769 313 2815 difficile:
332 2771 437 2828 «Neque
453 2779 488 2813 ta-

93 2848 106 2872 «
120 2845 173 2875 meu
198 2831 243 2876 hoc
270 2829 327 2875 tanti
353 2830 436 2874 laboris
457 2840 491 2877 est

92 2889 197 2951 «quanti
210 2892 311 2952 videtur3
325 2907 367 2938 nec
380 2901 433 2936 sunt
443 2893 490 2938 haeo

93 2971 106 2994 «
117 2952 298 3012 rhythmicorum
311 2971 337 3000 ac
354 2953 490 2999 musicorum

93 3033 105 3057 u
117 3014 226 3061 acerrima
237 3016 317 3061 normb
325 3016 445 3078 dirigenda
450 3036 456 3075 ;
469 3027 491 3062 et

543 2169 554 2194 «
567 2166 634 2210 paeon
657 2159 695 2195 aut
717 2151 800 2196 herous
826 2148 865 2195 ssle
888 2162 939 2194 oon·

543 2233 555 2255 u
568 2213 665 2258 turbet:
682 2211 729 2272 ipsi
751 2222 876 2257 occurrent
892 2226 942 2256 oras

543 2293 556 2317 «
568 2274 639 2333 tioni;
652 2273 709 2334 ipsi,
726 2273 835 2334 inquam,
849 2289 874 2319 sc
887 2271 941 2318 olle-

543 2356 556 2380 «
568 2347 634 2393 rent,
648 2345 671 2380 et
699 2335 877 2396 respondebunt
898 2349 942 2380 non

544 2398 684 2445 «vocatu...
706 2398 857 2442 Consuetudo
876 2396 942 2442 modo

544 2479 557 2503 «
571 2459 601 2505 sit
609 2460 646 2504 illa
658 2458 773 2505 scribendi
784 2470 855 2518 atque
866 2459 942 2505 diceu-

544 2540 558 2566 u
572 2521 610 2579 di,
627 2531 652 2566 ut
676 2519 793 2567 sententiae
815 2521 893 2566 verbis
917 2520 943 2564 fi-

543 2602 556 2627 «
570 2583 670 2641 «tantur,
684 2597 810 2643 eorumque
824 2582 943 2628 verbonum

544 2645 657 2705 «junctio
680 2655 784 2690 nascatur
806 2659 820 2688 a
843 2642 942 2705 proceris

544 2726 558 2752 α
571 2707 671 2752 numeris
680 2707 828 2754 «liberis...
837 2705 944 2752 sedverib

544 2768 722 2829 «distincteque
745 2767 861 2814 considat.
878 2787 892 2811 a
908 2770 944 2815 On

543 2831 634 2894 ndglige
654 2841 706 2891 trop
733 2830 885 2890 auiourd'bui
909 2845 944 2876 ces

543 2893 623 2939 details
643 2894 673 2938 du
690 2891 767 2951 style:
784 2892 805 2938 le
818 2892 900 2939 metier
915 2907 944 2937 ne

544 2973 567 3002 se
577 2955 656 3015 separe
668 2971 709 3015 pas
718 2955 746 2999 de
757 2954 818 3003 l’art.

576 3024 598 3063 2.
621 3019 653 3062 Et
676 3015 766 3077 quidem
790 3015 851 3061 «itit
876 3012 943 3059 aliud

93 3097 105 3120 «
117 3076 262 3124 efficiendum
271 3086 306 3123 est
311 3078 367 3123 illud
374 3080 443 3124 modo
450 3096 491 3124 no·
535 3079 592 3142 sere*
603 3096 648 3124 non
659 3088 717 3134 erat,
726 3086 748 3123 et
761 3077 838 3124 c'etnit
846 3089 944 3138 presque

93 3160 105 3183 a
117 3140 154 3186 bis
168 3155 198 3186 ne
211 3139 266 3188 fluat
277 3139 364 3202 oratio,
377 3155 406 3186 ue
420 3157 490 3204 vage·
544 3143 565 3186 la
582 3141 642 3186 seule
657 3139 742 3200 qualite
757 3139 799 3201 qui
814 3141 865 3186 leur
880 3153 944 3184 mnu-

93 3212 163 3262 «tur,
182 3217 213 3249 ne
230 3201 319 3248 insistat
336 3201 442 3262 internis,
462 3219 491 3250 ne
545 3203 610 3266 quit.
630 3205 695 3249 Cette
712 3202 795 3261 qbrase
819 3201 909 3262 rkqond
929 3198 942 3243 b

81 3283 94 3307 a
105 3276 215 3314 excurrat
223 3266 318 3332 longids
324 3287 332 3331 ,¹
347 3278 373 3315 ut
384 3267 494 3316 membris
547 3267 571 3313 la
580 3266 666 3328 phrase
672 3263 824 3324 «eduense.
