2070 3524
88 218 116 262 80
447 217 579 262 oraton.

88 334 159 406 lere,
172 354 231 392 non
245 332 373 411 ingenio,
391 335 443 392 aed
453 332 554 391 dolore
568 330 776 407 assequebaru
790 335 862 406 Quae
871 352 935 411 qua·

87 427 251 505 liacumque
273 428 303 485 in
334 447 380 486 rne
402 439 486 499 sunt,
509 445 556 485 me
577 426 655 484 enim
680 425 781 505 ipsum
808 426 935 505 poenitet¹

87 534 196 598 quanta
211 520 280 593 sint,
304 521 353 577 sed
369 531 510 599 apparent
521 520 550 577 in
565 518 761 589 orationibus3
774 520 829 577 etsi
844 530 935 579 carent

86 613 153 671 libri
175 612 279 691 spiritu
300 612 378 686 illel,
407 623 528 691 propter
547 631 634 689 quem
648 609 761 691 majora
779 611 880 670 eadem
891 610 934 671 ille

87 726 177 784 quum
193 719 332 785 aguntur,
347 708 434 782 quim
449 726 539 784 quum
551 697 696 783 legdntur,
709 704 806 763 videri
817 705 918 765 solent.

127 803 187 858 Nec
209 797 280 857 veri>
300 800 485 858 miseratione
505 798 599 857 solirm
618 817 699 856 mens
715 796 851 878 judicum
876 818 933 877 per·
974 802 976 807 '

87 894 229 951 movenda
257 904 300 951 est
331 895 400 969 (qul
438 911 491 950 nos
510 891 548 950 ita
570 890 703 949 dolenter
732 891 775 950 uti
803 892 930 963 solemus,

89 999 122 1045 ut
155 1006 279 1064 puerum
316 984 487 1044 infantem*
527 986 557 1043 in
596 983 731 1042 manibus
770 996 931 1064 perorantes

118 1176 141 1215 l.
154 1170 241 1216 Dolore
260 1171 405 1230 assequebor.
422 1172 485 1217 Noua
540 1186 553 1210 «
570 1178 630 1215 ratus
643 1184 709 1216 esses.
731 1170 809 1227 Quum
823 1168 883 1213 enirn
899 1168 930 1213 ille

87 1242 197 1277 trouvons
212 1247 293 1278 encore
310 1233 366 1278 dans
381 1232 403 1277 le
413 1234 485 1277 rueme
540 1248 553 1273 ιι
570 1233 599 1276 ad
615 1230 737 1277 ooueiones
756 1229 931 1294 coniugium!

87 1310 145 1353 aens,
171 1293 185 1339 a
206 1310 295 1355 propos
318 1295 346 1340 de
373 1296 483 1340 Crassus:
539 1310 553 1335 e
569 1292 644 1354 iisque
662 1307 714 1339 meo
728 1292 824 1339 nornine
839 1293 868 1337 ad
879 1291 930 1337 inri-

87 1357 240 1403 «Vehemens
256 1366 280 1402 et
293 1357 408 1402 interdum
428 1355 486 1400 irata
512 1382 514 1421 Ι
539 1373 553 1397 ιι
569 1355 629 1400 diam
656 1364 765 1413 alerem,
791 1354 826 1401 dii
848 1354 931 1400 immor·

88 1437 101 1462 ιι
114 1428 136 1465 et
147 1418 272 1479 plenajusti
284 1419 371 1464 doloris
385 1418 484 1464 oratio.»
512 1428 514 1451 ¹
539 1434 553 1459 «
569 1418 636 1466 tales!
659 1432 714 1478 quas
738 1433 782 1480 ego
802 1433 890 1490 pugnas
912 1424 932 1461 et

89 1480 486 1543 (Brutus‚xu111.)Ciceronemploie
512 1480 514 1509 ἶ
540 1488 662 1540 «quantas
680 1488 766 1542 strages
783 1479 860 1525 edidi!
880 1492 931 1540 quoe

86 1548 158 1590 meme
176 1544 267 1589 dolores
283 1560 371 1590 comme
389 1544 486 1588 misera·
512 1588 514 1599 ¹
539 1560 552 1584 «
568 1541 665 1602 impetus
677 1540 703 1585 in
715 1541 837 1599 Pisonem,
853 1540 878 1586 in
890 1542 930 1588 01·

88 1608 178 1653 liores:
196 1626 207 1648 ιι
220 1608 253 1652 Ut
264 1606 338 1651 oratio
348 1604 486 1650 admirabilia
512 1610 514 1651 !
540 1622 553 1645 «
569 1604 667 1660 donem,
682 1602 709 1649 iu
725 1612 797 1649 totum
813 1603 877 1649 illam
892 1618 932 1647 ma-

88 1686 101 1709 «
113 1668 154 1725 sit,
172 1677 197 1712 ut
212 1668 298 1727 polita3
318 1678 343 1713 ut
358 1682 435 1713 sensus
440 1701 447 1725 ‚
460 1676 486 1711 nt
539 1684 553 1709 ιι
569 1682 624 1711 num
635 1664 690 1711 leci!
703 1681 750 1727 quo
760 1666 832 1711 modo
843 1680 892 1711 suan
899 1664 931 1711 iu·

88 1750 100 1773 «
115 1730 205 1774 dolores
215 1731 305 1775 habeat.
318 1749 331 1772 »
344 1728 391 1790 (De
405 1728 484 1774 l'Ora·
539 1747 553 1770 «
568 1738 664 1774 sectatus
691 1727 804 1773 levitatem
837 1742 928 1789 aeuum,

88 1802 147 1849 tear,
161 1792 205 1849 ΙΙΙ,
218 1791 289 1850 xxv.)
539 1790 687 1836 «libidinem
705 1789 845 1847 juventutis!
867 1804 929 1851 supe,

119 1858 142 1899 2.
156 1854 195 1896 Me
214 1853 275 1896 mim
297 1852 370 1912 ipsum
389 1852 486 1914 paenitet
540 1872 553 1895 ιι
569 1851 600 1897 ita
621 1868 657 1898 me
676 1851 716 1898 Dii
737 1851 830 1912 juvent!
849 1861 872 1898 te
890 1866 933 1897 nou

87 1924 174 1978 quanta
191 1914 246 1972 sint,
262 1930 301 1960 ear
317 1929 378 1974 pour
391 1913 447 1976 moi,
462 1914 485 1974 je
539 1934 552 1957 ιι
569 1916 642 1960 solum
658 1923 775 1960 auctorem
791 1914 934 1961 consiliorum

86 1978 118 2023 lea
133 1987 214 2023 trouve
229 1991 312 2021 enoore
326 1975 380 2022 bien
398 1975 485 2021 insuffi-

539 1996 552 2019 «
569 1992 679 2033 meorum,
692 1977 772 2023 verdm
786 1975 856 2023 etiarn
876 1992 934 2038 speo-

87 2049 167 2085 santea.
181 2056 194 2080 >r
206 2038 302 2084 Poem'tet
314 2047 348 2083 est
358 2038 389 2083 ici
399 2039 455 2083 dans
464 2040 485 2084 le
856 2038 862 2050 ‘

539 2058 552 2082 «
568 2048 663 2086 tutorem
685 2054 814 2103 pugnarum
830 2038 933 2085 nuilu-

540 2120 553 2144 «
569 2117 620 2146 rum
632 2100 764 2148 desideravi.
777 2118 791 2143 n

571 2167 594 2211 Ι.
614 2165 714 2209 Puerum
733 2162 856 2224 infantem.
873 2162 934 2209 Alla-

539 2225 590 2270 sion
607 2242 636 2270 au
651 2224 772 2286 plaidoyer
792 2241 854 2286 pour
869 2224 934 2284 Syllu,

539 2303 583 2347 que
593 2290 722 2348 Torquatus
733 2287 834 2333 aoeosait
842 2286 935 2343 devoir,

87 2117 137 2145 aens
150 2101 178 2145 do
192 2116 276 2160 parum
292 2099 389 2148 videtur.
411 2099 484 2155 Ainsi,

87 2164 142 2207 dans
152 2162 237 2222 ΡΙιιιιῑιι1
246 2161 346 2218 Stichus,
359 2163 401 2221 IV,
410 2177 428 2219 1,
440 2167 483 2209 ll:

88 2243 102 2269 ιι
119 2224 169 2269 Irni)
190 2225 246 2269 duas
263 2224 333 2281 dabo,
353 2224 431 2286 inquit
447 2224 486 2269 ille

88 2306 101 2329 ιι
117 2286 253 2345 adolescens,
266 2303 310 2332 una
320 2287 428 2347 siparum
438 2297 484 2346 est3

88 2369 101 2393 ιι
116 2351 153 2406 Et,
171 2349 190 2394 si
204 2351 298 2395 duarum
310 2349 437 2412 poenitebit,
448 2348 486 2394 in·

88 2431 101 2455 ι(
118 2412 179 2474 quit,
197 2413 308 2457 addentur
322 2412 380 2459 duae.
395 2431 409 2454 u

120 2479 141 2521 ³.
157 2475 246 2535 Spiritu
255 2472 306 2519 illo.
318 2473 415 2520 Ciceron
424 2487 486 2517 conr-

87 2544 163 2579 mente
191 2543 248 2580 cette
272 2533 404 2594 expression
430 2535 486 2579 dana

87 2611 131 2642 une
143 2597 209 2642 lettre
220 2594 277 2657 qu'il
292 2595 348 2641 ecrit
367 2595 382 2640 is
399 2594 486 2641 Atticus

87 2658 197 2720 quelques
205 2659 268 2718 jours
283 2658 347 2719 apres
359 2660 380 2703 le
395 2658 486 2702 seanda-

87 2722 140 2766 leux
155 2720 317 2781 arquittement
331 2720 359 2764 de
372 2718 484 2767 Clodius:

86 2801 98 2825 ιι
118 2784 170 2843 Ego
184 2782 259 2842 enim,
271 2780 380 2841 quamdiu
397 2784 487 2827 senatus

86 2862 99 2885 ιι
119 2843 241 2888 auctoritas
264 2842 322 2887 mihi
346 2842 487 2890 defendenda

86 2922 98 2945 ιι
120 2902 172 2963 luit,
184 2904 216 2949 sio
222 2905 304 2950 aeriter
311 2914 334 2951 et
345 2905 488 2952 veliementer

87 2984 100 3009 ιι
118 2964 294 3026 praeliaturum,
303 2977 329 3012 ut
339 2967 424 3013 elamor
434 2984 488 3012 eon·

88 3046 101 3069 ιι
120 3043 242 3089 cursusque
251 3028 348 3075 maximi
358 3046 410 3075 eum
422 3030 488 3076 laude

89 3108 103 3133 ιι
119 3088 208 3137 fierent.
221 3090 321 3149 Quodsi
333 3091 377 3137 tibi
388 3108 487 3153 unquam

89 3170 104 3195 ιι
119 3168 169 3199 auur
179 3153 240 3199 visus
249 3152 275 3199 in
284 3152 402 3215 republicl
413 3154 486 3216 fortia,

89 3230 104 3259 ιι
119 3214 229 3263 milne
242 3214 267 3262 iu
282 3215 323 3263 illl
336 3216 489 3265 eausludmi·

539 2349 552 2394 i
567 2349 627 2395 deux
638 2349 748 2410 reprises,
765 2349 873 2410 conspire
885 2362 937 2394 evoe

538 2410 634 2457 Catilina
661 2412 703 2472 (an
724 2412 754 2457 de
771 2412 847 2457 Rome
866 2410 935 2457 osli.

538 2472 672 2518 Hortensius
686 2473 746 2518 avait
765 2472 898 2519 eommmoe

540 2534 638 2592 defense,
651 2534 748 2582 ciceron
763 2533 800 2580 lut
814 2534 899 2599 ehnrgl
908 2534 939 2581 du

539 2598 623 2643 second
638 2596 705 2657 point
718 2606 741 2642 et
756 2597 786 2642 de
803 2594 938 2658 laperorei·

538 2674 589 2704 aon.
613 2658 681 2704 Voiei
702 2659 724 2704 le
745 2674 840 2723 passage
859 2657 940 2719 auquel

538 2721 633 2767 l'auteur
655 2720 696 2766 fait
714 2719 811 2766 allusion
831 2739 839 2768 z
862 2738 875 2765 ι
896 2720 940 2767 llio

543 2799 607 2828 «vos
618 2792 676 2841 orat,
691 2781 791 2843 judiees,
807 2798 900 2843 parvus,
916 2790 941 2827 ut

541 2864 553 2887 «
566 2860 590 2890 se
604 2844 740 2904 aliqnando,
755 2844 774 2889 si
787 2861 836 2890 non
851 2842 941 2907 integri

542 2925 552 2949 ι
566 2905 667 2964 fortuni,
680 2916 704 2953 et
712 2905 806 2965 afflicti,
818 2907 880 2967 patri
900 2920 940 2952 auo

540 2987 552 3012 ι
566 2968 674 3030 gratulari
685 2968 763 3014 sinatis
775 2986 781 3015 ε
793 2968 850 3014 huie
858 2967 940 3015 rru‘aero

542 3030 656 3076 «notiora
676 3040 729 3077 suut
745 3030 887 3091 judiciorum
901 3030 941 3075 iti-

542 3112 554 3135 «
566 3108 620 3138 nera
632 3102 655 3139 et
674 3092 732 3151 lori,
751 3092 821 3153 quiun
832 3092 908 3153 oempi
917 3102 942 3138 et

541 3173 555 3198 ιι
568 3154 746 3215 disciplinarum.
763 3173 776 3197 n
790 3155 811 3200 ll
827 3154 877 3200 iant
891 3153 942 3199 vois

540 3216 673 3263 l'ensesulale
705 3216 736 3261 do
757 3216 783 3261 la
806 3216 941 3277 qdreraieou
