<?xml version="1.0" encoding="UTF-8"?>
<!DOCTYPE html PUBLIC "-//W3C//DTD XHTML 1.0 Transitional//EN"
    "http://www.w3.org/TR/xhtml1/DTD/xhtml1-transitional.dtd">
<html xmlns="http://www.w3.org/1999/xhtml" xml:lang="en" lang="en">
 <head>
  <title>
</title>
<meta http-equiv="Content-Type" content="text/html;charset=utf-8" />
  <meta name='ocr-system' content='tesseract 3.04.00' />
  <meta name='ocr-capabilities' content='ocr_page ocr_carea ocr_par ocr_line ocrx_word'/>
</head>
<body>
  <div class='ocr_page' id='page_1' title='image "./orator00aubegoog/orator00aubegoog_0024.png"; bbox 0 0 2070 3524; ppageno 0'>
   <div class='ocr_carea' id='block_1_1' title="bbox 131 159 621 208">
    <p class='ocr_par' dir='ltr' id='par_1_1' title="bbox 131 159 621 208">
     <span class='ocr_line' id='line_1_1' title="bbox 131 159 621 208; baseline 0.008 -5"><span class='ocrx_word' id='word_1_1' title='bbox 131 162 160 204; x_wconf 83' lang='grc' dir='ltr'><strong>ιι</strong></span> <span class='ocrx_word' id='word_1_2' title='bbox 489 159 621 208; x_wconf 75' lang='lat' dir='ltr'>ORATOR.</span> 
     </span>
    </p>
   </div>
   <div class='ocr_carea' id='block_1_2' title="bbox 128 270 978 352">
    <p class='ocr_par' dir='ltr' id='par_1_2' title="bbox 128 270 978 352">
     <span class='ocr_line' id='line_1_2' title="bbox 128 270 978 352; baseline 0.004 -23"><span class='ocrx_word' id='word_1_3' title='bbox 128 291 219 349; x_wconf 92' lang='lat' dir='ltr'><strong>quum</strong></span> <span class='ocrx_word' id='word_1_4' title='bbox 231 272 288 331; x_wconf 89' lang='lat' dir='ltr'><strong>alia</strong></span> <span class='ocrx_word' id='word_1_5' title='bbox 300 273 438 351; x_wconf 87' lang='lat' dir='ltr'><strong>praeclara</strong></span> <span class='ocrx_word' id='word_1_6' title='bbox 458 274 590 352; x_wconf 87' lang='lat' dir='ltr'><strong>quaedam</strong></span> <span class='ocrx_word' id='word_1_7' title='bbox 604 284 634 331; x_wconf 90' lang='lat' dir='ltr'><strong>et</strong></span> <span class='ocrx_word' id='word_1_8' title='bbox 652 271 803 350; x_wconf 87' lang='lat' dir='ltr'><strong>magnifica</strong></span> <span class='ocrx_word' id='word_1_9' title='bbox 817 270 978 343; x_wconf 80' lang='lat' dir='ltr'><strong>didicisset,</strong></span> 
     </span>
    </p>
   </div>
   <div class='ocr_carea' id='block_1_3' title="bbox 83 364 1024 1649">
    <p class='ocr_par' dir='ltr' id='par_1_3' title="bbox 83 364 1024 1649">
     <span class='ocr_line' id='line_1_3' title="bbox 128 364 980 445; baseline 0.006 -24"><span class='ocrx_word' id='word_1_10' title='bbox 128 364 248 424; x_wconf 89' lang='lat' dir='ltr'><strong>uberem</strong></span> <span class='ocrx_word' id='word_1_11' title='bbox 267 379 296 425; x_wconf 88' lang='lat' dir='ltr'><strong>et</strong></span> <span class='ocrx_word' id='word_1_12' title='bbox 318 367 472 426; x_wconf 89' lang='lat' dir='ltr'><strong>secundum</strong></span> <span class='ocrx_word' id='word_1_13' title='bbox 495 367 581 425; x_wconf 84' lang='lat' dir='ltr'><strong>luisse</strong></span> <span class='ocrx_word' id='word_1_14' title='bbox 601 368 915 445; x_wconf 88' lang='lat' dir='ltr'><strong>gnarumque-quod</strong></span> <span class='ocrx_word' id='word_1_15' title='bbox 937 380 980 426; x_wconf 88' lang='lat' dir='ltr'><strong>est</strong></span> 
     </span>
     <span class='ocr_line' id='line_1_4' title="bbox 102 457 980 537; baseline 0.002 -22"><span class='ocrx_word' id='word_1_16' title='bbox 102 502 114 532; x_wconf 78' lang='grc'><strong>,</strong></span> <span class='ocrx_word' id='word_1_17' title='bbox 129 457 299 535; x_wconf 78' lang='lat' dir='ltr'><strong>eloquentiae</strong></span> <span class='ocrx_word' id='word_1_18' title='bbox 310 458 633 537; x_wconf 64' lang='lat' dir='ltr'><strong>maximum-quibus</strong></span> <span class='ocrx_word' id='word_1_19' title='bbox 648 459 786 517; x_wconf 90' lang='lat' dir='ltr'><strong>orationis</strong></span> <span class='ocrx_word' id='word_1_20' title='bbox 800 457 895 518; x_wconf 87' lang='lat' dir='ltr'><strong>modis</strong></span> <span class='ocrx_word' id='word_1_21' title='bbox 904 479 980 536; x_wconf 89' lang='lat' dir='ltr'><strong>quae·</strong></span> 
     </span>
     <span class='ocr_line' id='line_1_5' title="bbox 128 551 981 631; baseline 0.005 -23"><span class='ocrx_word' id='word_1_22' title='bbox 128 570 184 626; x_wconf 91' lang='lat' dir='ltr'><strong>que</strong></span> <span class='ocrx_word' id='word_1_23' title='bbox 214 551 375 610; x_wconf 86' lang='lat' dir='ltr'><strong>animorum</strong></span> <span class='ocrx_word' id='word_1_24' title='bbox 400 563 498 629; x_wconf 87' lang='lat' dir='ltr'><strong>partes</strong></span> <span class='ocrx_word' id='word_1_25' title='bbox 529 551 722 631; x_wconf 83' lang='lat' dir='ltr'><strong>pellerentur3</strong></span> <span class='ocrx_word' id='word_1_26' title='bbox 743 553 822 629; x_wconf 92' lang='lat' dir='ltr'><strong>quod</strong></span> <span class='ocrx_word' id='word_1_27' title='bbox 842 551 920 610; x_wconf 92' lang='lat' dir='ltr'><strong>idem</strong></span> <span class='ocrx_word' id='word_1_28' title='bbox 944 553 981 612; x_wconf 87' lang='lat' dir='ltr'><strong>de</strong></span> 
     </span>
     <span class='ocr_line' id='line_1_6' title="bbox 128 642 1024 724; baseline 0.003 -25"><span class='ocrx_word' id='word_1_29' title='bbox 128 644 323 703; x_wconf 86' lang='lat' dir='ltr'><strong>Demosthene</strong></span> <span class='ocrx_word' id='word_1_30' title='bbox 350 644 508 704; x_wconf 86' lang='lat' dir='ltr'><strong>existimari</strong></span> <span class='ocrx_word' id='word_1_31' title='bbox 527 656 636 724; x_wconf 81' lang='lat' dir='ltr'><strong>potest,</strong></span> <span class='ocrx_word' id='word_1_32' title='bbox 666 642 748 724; x_wconf 85' lang='lat' dir='ltr'><strong>cujus</strong></span> <span class='ocrx_word' id='word_1_33' title='bbox 774 664 812 702; x_wconf 87' lang='lat' dir='ltr'><strong>ex</strong></span> <span class='ocrx_word' id='word_1_34' title='bbox 831 643 981 723; x_wconf 85' lang='lat' dir='ltr'><strong>epistolis¹</strong></span> <span class='ocrx_word' id='word_1_35' title='bbox 1021 650 1024 654; x_wconf 69' lang='grc'><strong>“</strong></span> 
     </span>
     <span class='ocr_line' id='line_1_7' title="bbox 128 733 979 815; baseline 0.007 -25"><span class='ocrx_word' id='word_1_36' title='bbox 128 733 250 812; x_wconf 85' lang='lat' dir='ltr'><strong>intelligi</strong></span> <span class='ocrx_word' id='word_1_37' title='bbox 261 734 343 810; x_wconf 88' lang='lat' dir='ltr'><strong>lieet,</strong></span> <span class='ocrx_word' id='word_1_38' title='bbox 361 738 448 815; x_wconf 77' lang='lat' dir='ltr'><strong>quam</strong></span> <span class='ocrx_word' id='word_1_39' title='bbox 462 738 599 815; x_wconf 88' lang='lat' dir='ltr'><strong>frequens</strong></span> <span class='ocrx_word' id='word_1_40' title='bbox 616 736 702 795; x_wconf 90' lang='lat' dir='ltr'><strong>suerit</strong></span> <span class='ocrx_word' id='word_1_41' title='bbox 715 736 841 795; x_wconf 86' lang='lat' dir='ltr'><strong>Platonis</strong></span> <span class='ocrx_word' id='word_1_42' title='bbox 852 736 979 796; x_wconf 84' lang='lat' dir='ltr'><strong>auditor.</strong></span> 
     </span>
     <span class='ocr_line' id='line_1_8' title="bbox 128 828 980 913; baseline 0.006 -29"><span class='ocrx_word' id='word_1_43' title='bbox 128 831 188 886; x_wconf 88' lang='lat' dir='ltr'><strong>Nee</strong></span> <span class='ocrx_word' id='word_1_44' title='bbox 199 829 268 888; x_wconf 82' lang='lat' dir='ltr'><strong>verd</strong></span> <span class='ocrx_word' id='word_1_45' title='bbox 282 828 344 887; x_wconf 82' lang='lat' dir='ltr'><strong>siue</strong></span> <span class='ocrx_word' id='word_1_46' title='bbox 356 830 594 909; x_wconf 90' lang='lat' dir='ltr'><strong>philosophorum</strong></span> <span class='ocrx_word' id='word_1_47' title='bbox 610 829 760 908; x_wconf 74' lang='lat' dir='ltr'><strong>disciplina</strong></span> <span class='ocrx_word' id='word_1_48' title='bbox 771 849 861 910; x_wconf 82' lang='lat' dir='ltr'><strong>genus</strong></span> <span class='ocrx_word' id='word_1_49' title='bbox 873 843 902 913; x_wconf 76' lang='lat' dir='ltr'><strong>et</strong></span> <span class='ocrx_word' id='word_1_50' title='bbox 912 850 980 910; x_wconf 90' lang='lat' dir='ltr'><strong>spe-</strong></span> 
     </span>
     <span class='ocr_line' id='line_1_9' title="bbox 130 917 982 1000; baseline 0.005 -23"><span class='ocrx_word' id='word_1_51' title='bbox 130 920 203 978; x_wconf 90' lang='lat' dir='ltr'><strong>ciem</strong></span> <span class='ocrx_word' id='word_1_52' title='bbox 225 917 363 999; x_wconf 87' lang='lat' dir='ltr'><strong>cujusque</strong></span> <span class='ocrx_word' id='word_1_53' title='bbox 383 921 426 980; x_wconf 89' lang='lat' dir='ltr'><strong>rei</strong></span> <span class='ocrx_word' id='word_1_54' title='bbox 453 940 591 996; x_wconf 89' lang='lat' dir='ltr'><strong>cernere,</strong></span> <span class='ocrx_word' id='word_1_55' title='bbox 613 942 708 1000; x_wconf 92' lang='lat' dir='ltr'><strong>neque</strong></span> <span class='ocrx_word' id='word_1_56' title='bbox 729 941 793 980; x_wconf 92' lang='lat' dir='ltr'><strong>eam</strong></span> <span class='ocrx_word' id='word_1_57' title='bbox 818 921 982 981; x_wconf 88' lang='lat' dir='ltr'><strong>deliniendo</strong></span> 
     </span>
     <span class='ocr_line' id='line_1_10' title="bbox 130 1013 982 1097; baseline 0.002 -25"><span class='ocrx_word' id='word_1_58' title='bbox 130 1013 288 1092; x_wconf 83' lang='lat' dir='ltr'><strong>explicare,</strong></span> <span class='ocrx_word' id='word_1_59' title='bbox 304 1033 358 1072; x_wconf 88' lang='lat' dir='ltr'><strong>nec</strong></span> <span class='ocrx_word' id='word_1_60' title='bbox 372 1013 500 1074; x_wconf 88' lang='lat' dir='ltr'><strong>tribuere</strong></span> <span class='ocrx_word' id='word_1_61' title='bbox 520 1014 550 1073; x_wconf 89' lang='lat' dir='ltr'><strong>in</strong></span> <span class='ocrx_word' id='word_1_62' title='bbox 564 1028 660 1095; x_wconf 88' lang='lat' dir='ltr'><strong>partes</strong></span> <span class='ocrx_word' id='word_1_63' title='bbox 674 1035 843 1095; x_wconf 90' lang='lat' dir='ltr'><strong>possumus,</strong></span> <span class='ocrx_word' id='word_1_64' title='bbox 856 1036 911 1075; x_wconf 90' lang='lat' dir='ltr'><strong>nee</strong></span> <span class='ocrx_word' id='word_1_65' title='bbox 930 1014 982 1097; x_wconf 89' lang='lat' dir='ltr'><strong>ju-</strong></span> 
     </span>
     <span class='ocr_line' id='line_1_11' title="bbox 129 1107 981 1189; baseline 0.004 -24"><span class='ocrx_word' id='word_1_66' title='bbox 129 1107 226 1167; x_wconf 90' lang='lat' dir='ltr'><strong>dicare</strong></span> <span class='ocrx_word' id='word_1_67' title='bbox 239 1127 304 1185; x_wconf 84' lang='lat' dir='ltr'><strong>quae</strong></span> <span class='ocrx_word' id='word_1_68' title='bbox 315 1126 402 1189; x_wconf 78' lang='lat' dir='ltr'><strong>vera,</strong></span> <span class='ocrx_word' id='word_1_69' title='bbox 418 1128 483 1186; x_wconf 85' lang='lat' dir='ltr'><strong>quae</strong></span> <span class='ocrx_word' id='word_1_70' title='bbox 496 1109 568 1166; x_wconf 89' lang='lat' dir='ltr'><strong>falsa</strong></span> <span class='ocrx_word' id='word_1_71' title='bbox 580 1108 652 1180; x_wconf 88' lang='lat' dir='ltr'><strong>sint,</strong></span> <span class='ocrx_word' id='word_1_72' title='bbox 667 1129 761 1187; x_wconf 88' lang='lat' dir='ltr'><strong>neque</strong></span> <span class='ocrx_word' id='word_1_73' title='bbox 776 1128 897 1169; x_wconf 86' lang='lat' dir='ltr'><strong>cernere</strong></span> <span class='ocrx_word' id='word_1_74' title='bbox 908 1129 981 1168; x_wconf 88' lang='lat' dir='ltr'><strong>cou-</strong></span> 
     </span>
     <span class='ocr_line' id='line_1_12' title="bbox 131 1198 980 1279; baseline 0.005 -21"><span class='ocrx_word' id='word_1_75' title='bbox 131 1198 294 1278; x_wconf 88' lang='lat' dir='ltr'><strong>sequentia‚</strong></span> <span class='ocrx_word' id='word_1_76' title='bbox 308 1199 498 1278; x_wconf 75' lang='lat' dir='ltr'><strong>repugnantia</strong></span> <span class='ocrx_word' id='word_1_77' title='bbox 512 1199 629 1274; x_wconf 88' lang='lat' dir='ltr'><strong>videre,</strong></span> <span class='ocrx_word' id='word_1_78' title='bbox 643 1200 776 1278; x_wconf 86' lang='lat' dir='ltr'><strong>ambigua</strong></span> <span class='ocrx_word' id='word_1_79' title='bbox 791 1199 980 1279; x_wconf 84' lang='lat' dir='ltr'><strong>distinguere.</strong></span> 
     </span>
     <span class='ocr_line' id='line_1_13' title="bbox 131 1290 982 1373; baseline 0.005 -24"><span class='ocrx_word' id='word_1_80' title='bbox 131 1291 206 1367; x_wconf 89' lang='lat' dir='ltr'><strong>Quid</strong></span> <span class='ocrx_word' id='word_1_81' title='bbox 226 1290 321 1351; x_wconf 89' lang='lat' dir='ltr'><strong>dicam</strong></span> <span class='ocrx_word' id='word_1_82' title='bbox 339 1293 376 1351; x_wconf 92' lang='lat' dir='ltr'><strong>de</strong></span> <span class='ocrx_word' id='word_1_83' title='bbox 394 1296 498 1350; x_wconf 73' lang='lat' dir='ltr'><strong>natura</strong></span> <span class='ocrx_word' id='word_1_84' title='bbox 523 1312 639 1364; x_wconf 91' lang='lat' dir='ltr'><strong>rerum,</strong></span> <span class='ocrx_word' id='word_1_85' title='bbox 657 1292 739 1373; x_wconf 84' lang='lat' dir='ltr'><strong>cujus</strong></span> <span class='ocrx_word' id='word_1_86' title='bbox 759 1293 884 1371; x_wconf 82' lang='lat' dir='ltr'><strong>cognitio</strong></span> <span class='ocrx_word' id='word_1_87' title='bbox 910 1315 982 1353; x_wconf 91' lang='lat' dir='ltr'><strong>ma-</strong></span> 
     </span>
     <span class='ocr_line' id='line_1_14' title="bbox 130 1383 981 1466; baseline 0 -22"><span class='ocrx_word' id='word_1_88' title='bbox 130 1405 216 1462; x_wconf 89' lang='lat' dir='ltr'><strong>gnam</strong></span> <span class='ocrx_word' id='word_1_89' title='bbox 233 1383 371 1443; x_wconf 87' lang='lat' dir='ltr'><strong>orationis</strong></span> <span class='ocrx_word' id='word_1_90' title='bbox 392 1384 560 1464; x_wconf 86' lang='lat' dir='ltr'><strong>suppeditat</strong></span> <span class='ocrx_word' id='word_1_91' title='bbox 573 1385 709 1466; x_wconf 79' lang='lat' dir='ltr'><strong>copiam?</strong></span> <span class='ocrx_word' id='word_1_92' title='bbox 723 1389 761 1446; x_wconf 95' lang='lat' dir='ltr'><strong>de</strong></span> <span class='ocrx_word' id='word_1_93' title='bbox 777 1386 849 1457; x_wconf 73' lang='lat' dir='ltr'><strong>vite,</strong></span> <span class='ocrx_word' id='word_1_94' title='bbox 869 1387 905 1446; x_wconf 93' lang='lat' dir='ltr'><strong>de</strong></span> <span class='ocrx_word' id='word_1_95' title='bbox 916 1387 981 1445; x_wconf 91' lang='lat' dir='ltr'><strong>offi-</strong></span> 
     </span>
     <span class='ocr_line' id='line_1_15' title="bbox 83 1475 982 1554; baseline 0.004 -19"><span class='ocrx_word' id='word_1_96' title='bbox 83 1528 90 1547; x_wconf 73' lang='grc'><em>,</em></span> <span class='ocrx_word' id='word_1_97' title='bbox 131 1476 201 1548; x_wconf 86' lang='lat' dir='ltr'><strong>ciis,</strong></span> <span class='ocrx_word' id='word_1_98' title='bbox 222 1478 259 1536; x_wconf 91' lang='lat' dir='ltr'><strong>de</strong></span> <span class='ocrx_word' id='word_1_99' title='bbox 284 1475 406 1551; x_wconf 83' lang='lat' dir='ltr'><strong>virtute,</strong></span> <span class='ocrx_word' id='word_1_100' title='bbox 428 1479 465 1536; x_wconf 91' lang='lat' dir='ltr'><strong>de</strong></span> <span class='ocrx_word' id='word_1_101' title='bbox 494 1478 640 1554; x_wconf 90' lang='lat' dir='ltr'><strong>moribus,</strong></span> <span class='ocrx_word' id='word_1_102' title='bbox 668 1478 729 1537; x_wconf 75' lang='lat' dir='ltr'><strong>sine</strong></span> <span class='ocrx_word' id='word_1_103' title='bbox 760 1478 852 1536; x_wconf 77' lang='lat' dir='ltr'><strong>multa</strong></span> <span class='ocrx_word' id='word_1_104' title='bbox 882 1497 982 1539; x_wconf 90' lang='lat' dir='ltr'><strong>earum</strong></span> 
     </span>
     <span class='ocr_line' id='line_1_16' title="bbox 131 1568 983 1649; baseline 0.002 -22"><span class='ocrx_word' id='word_1_105' title='bbox 131 1569 259 1649; x_wconf 92' lang='lat' dir='ltr'><strong>ipsarum</strong></span> <span class='ocrx_word' id='word_1_106' title='bbox 290 1587 388 1626; x_wconf 90' lang='lat' dir='ltr'><strong>rerum</strong></span> <span class='ocrx_word' id='word_1_107' title='bbox 426 1570 602 1648; x_wconf 72' lang='lat' dir='ltr'><strong>discipline,</strong></span> <span class='ocrx_word' id='word_1_108' title='bbox 625 1584 674 1628; x_wconf 86' lang='lat' dir='ltr'><strong>aut</strong></span> <span class='ocrx_word' id='word_1_109' title='bbox 703 1568 762 1627; x_wconf 89' lang='lat' dir='ltr'><strong>diei</strong></span> <span class='ocrx_word' id='word_1_110' title='bbox 790 1580 840 1627; x_wconf 90' lang='lat' dir='ltr'><strong>aut</strong></span> <span class='ocrx_word' id='word_1_111' title='bbox 863 1570 983 1649; x_wconf 89' lang='lat' dir='ltr'><strong>intelligi</strong></span> 
     </span>
    </p>
   </div>
   <div class='ocr_carea' id='block_1_4' title="bbox 28 1665 255 1742">
    <p class='ocr_par' dir='ltr' id='par_1_4' title="bbox 28 1665 255 1742">
     <span class='ocr_line' id='line_1_17' title="bbox 28 1665 255 1742; baseline 0.009 -25"><span class='ocrx_word' id='word_1_112' title='bbox 28 1690 31 1698; x_wconf 93' lang='lat'><em>·</em></span> <span class='ocrx_word' id='word_1_113' title='bbox 83 1682 90 1717; x_wconf 79' lang='grc' dir='ltr'><strong>ι</strong></span> <span class='ocrx_word' id='word_1_114' title='bbox 131 1665 255 1742; x_wconf 81' lang='lat' dir='ltr'><strong>potest?</strong></span> 
     </span>
    </p>
   </div>
   <div class='ocr_carea' id='block_1_5' title="bbox 132 1746 993 2016">
    <p class='ocr_par' dir='ltr' id='par_1_5' title="bbox 132 1746 993 2016">
     <span class='ocr_line' id='line_1_18' title="bbox 171 1746 982 1827; baseline 0 -18"><span class='ocrx_word' id='word_1_115' title='bbox 171 1751 217 1809; x_wconf 87' lang='lat' dir='ltr'><strong>Ad</strong></span> <span class='ocrx_word' id='word_1_116' title='bbox 236 1750 289 1808; x_wconf 88' lang='lat' dir='ltr'><strong>has</strong></span> <span class='ocrx_word' id='word_1_117' title='bbox 311 1762 356 1809; x_wconf 91' lang='lat' dir='ltr'><strong>tot</strong></span> <span class='ocrx_word' id='word_1_118' title='bbox 376 1760 529 1827; x_wconf 87' lang='lat' dir='ltr'><strong>tantasque</strong></span> <span class='ocrx_word' id='word_1_119' title='bbox 554 1768 602 1808; x_wconf 91' lang='lat' dir='ltr'><strong>res</strong></span> <span class='ocrx_word' id='word_1_120' title='bbox 624 1746 789 1808; x_wconf 86' lang='lat' dir='ltr'><strong>adhihenda</strong></span> <span class='ocrx_word' id='word_1_121' title='bbox 810 1760 876 1808; x_wconf 92' lang='lat' dir='ltr'><strong>sunt</strong></span> <span class='ocrx_word' id='word_1_122' title='bbox 891 1769 982 1809; x_wconf 89' lang='lat' dir='ltr'><strong>orna·</strong></span> 
     </span>
     <span class='ocr_line' id='line_1_19' title="bbox 132 1839 993 1919; baseline 0 -17"><span class='ocrx_word' id='word_1_123' title='bbox 132 1856 229 1903; x_wconf 84' lang='lat' dir='ltr'><strong>menta</strong></span> <span class='ocrx_word' id='word_1_124' title='bbox 247 1841 485 1917; x_wconf 87' lang='lat' dir='ltr'><strong>innumerabilia,</strong></span> <span class='ocrx_word' id='word_1_125' title='bbox 498 1861 563 1919; x_wconf 88' lang='lat' dir='ltr'><strong>quae</strong></span> <span class='ocrx_word' id='word_1_126' title='bbox 585 1842 646 1900; x_wconf 89' lang='lat' dir='ltr'><strong>sola</strong></span> <span class='ocrx_word' id='word_1_127' title='bbox 665 1853 726 1900; x_wconf 92' lang='lat' dir='ltr'><strong>tum</strong></span> <span class='ocrx_word' id='word_1_128' title='bbox 744 1839 860 1918; x_wconf 91' lang='lat' dir='ltr'><strong>quidem</strong></span> <span class='ocrx_word' id='word_1_129' title='bbox 883 1844 993 1902; x_wconf 83' lang='lat' dir='ltr'><strong>trade-¹</strong></span> 
     </span>
     <span class='ocr_line' id='line_1_20' title="bbox 132 1933 980 2016; baseline -0.001 -19"><span class='ocrx_word' id='word_1_130' title='bbox 132 1938 237 1997; x_wconf 78' lang='lat' dir='ltr'><strong>bantm</strong></span> <span class='ocrx_word' id='word_1_131' title='bbox 254 1934 292 1995; x_wconf 89' lang='lat' dir='ltr'><strong>ab</strong></span> <span class='ocrx_word' id='word_1_132' title='bbox 313 1936 362 2010; x_wconf 88' lang='lat' dir='ltr'><strong>iis,</strong></span> <span class='ocrx_word' id='word_1_133' title='bbox 381 1933 433 2014; x_wconf 91' lang='lat' dir='ltr'><strong>qui</strong></span> <span class='ocrx_word' id='word_1_134' title='bbox 451 1936 567 1994; x_wconf 84' lang='lat' dir='ltr'><strong>dicendi</strong></span> <span class='ocrx_word' id='word_1_135' title='bbox 587 1933 819 1994; x_wconf 85' lang='lat' dir='ltr'><strong>numerabantur</strong></span> <span class='ocrx_word' id='word_1_136' title='bbox 839 1935 980 2016; x_wconf 77' lang='lat' dir='ltr'><strong>magistri.</strong></span> 
     </span>
    </p>
   </div>
   <div class='ocr_carea' id='block_1_6' title="bbox 116 2159 536 3216">
    <p class='ocr_par' dir='ltr' id='par_1_6' title="bbox 133 2159 534 2642">
     <span class='ocr_line' id='line_1_21' title="bbox 133 2159 533 2223; baseline -0.005 -15"><span class='ocrx_word' id='word_1_137' title='bbox 133 2159 233 2222; x_wconf 73' lang='grc' dir='ltr'><strong>φύσεως.</strong></span> <span class='ocrx_word' id='word_1_138' title='bbox 264 2159 408 2223; x_wconf 79' lang='lat' dir='ltr'><strong>Anaxagora,</strong></span> <span class='ocrx_word' id='word_1_139' title='bbox 435 2174 473 2206; x_wconf 83' lang='lat' dir='ltr'><strong>sur</strong></span> <span class='ocrx_word' id='word_1_140' title='bbox 499 2159 533 2207; x_wconf 82' lang='lat' dir='ltr'><strong>les</strong></span> 
     </span>
     <span class='ocr_line' id='line_1_22' title="bbox 134 2221 534 2283; baseline 0 -17"><span class='ocrx_word' id='word_1_141' title='bbox 134 2221 237 2268; x_wconf 86' lang='lat' dir='ltr'><strong>derniers</strong></span> <span class='ocrx_word' id='word_1_142' title='bbox 258 2230 334 2283; x_wconf 80' lang='lat' dir='ltr'><strong>temps</strong></span> <span class='ocrx_word' id='word_1_143' title='bbox 352 2224 418 2269; x_wconf 86' lang='lat' dir='ltr'><strong>desa</strong></span> <span class='ocrx_word' id='word_1_144' title='bbox 430 2223 476 2279; x_wconf 81' lang='lat' dir='ltr'><strong>vie,</strong></span> <span class='ocrx_word' id='word_1_145' title='bbox 499 2221 534 2268; x_wconf 82' lang='lat' dir='ltr'><strong>lut</strong></span> 
     </span>
     <span class='ocr_line' id='line_1_23' title="bbox 133 2282 533 2345; baseline 0 -15"><span class='ocrx_word' id='word_1_146' title='bbox 133 2284 211 2330; x_wconf 72' lang='lat' dir='ltr'><strong>aoeuse</strong></span> <span class='ocrx_word' id='word_1_147' title='bbox 220 2282 338 2345; x_wconf 76' lang='lat' dir='ltr'><strong>d&#39;impiete</strong></span> <span class='ocrx_word' id='word_1_148' title='bbox 351 2294 375 2330; x_wconf 88' lang='lat' dir='ltr'><strong>et</strong></span> <span class='ocrx_word' id='word_1_149' title='bbox 385 2284 533 2331; x_wconf 67' lang='lat' dir='ltr'><strong>condamnd&#39;a</strong></span> 
     </span>
     <span class='ocr_line' id='line_1_24' title="bbox 134 2345 534 2408; baseline -0.003 -16"><span class='ocrx_word' id='word_1_150' title='bbox 134 2355 204 2394; x_wconf 87' lang='lat' dir='ltr'><strong>mort.</strong></span> <span class='ocrx_word' id='word_1_151' title='bbox 219 2345 317 2392; x_wconf 69' lang='lat' dir='ltr'><strong>Pdricles</strong></span> <span class='ocrx_word' id='word_1_152' title='bbox 325 2345 403 2391; x_wconf 86' lang='lat' dir='ltr'><strong>obtint</strong></span> <span class='ocrx_word' id='word_1_153' title='bbox 416 2346 430 2391; x_wconf 74' lang='lat' dir='ltr'><strong>a</strong></span> <span class='ocrx_word' id='word_1_154' title='bbox 443 2347 534 2408; x_wconf 83' lang='lat' dir='ltr'><strong>grand’-</strong></span> 
     </span>
     <span class='ocr_line' id='line_1_25' title="bbox 134 2406 533 2468; baseline -0.003 -15"><span class='ocrx_word' id='word_1_155' title='bbox 134 2407 201 2468; x_wconf 79' lang='lat' dir='ltr'><strong>paine</strong></span> <span class='ocrx_word' id='word_1_156' title='bbox 214 2421 259 2467; x_wconf 84' lang='lat' dir='ltr'><strong>que</strong></span> <span class='ocrx_word' id='word_1_157' title='bbox 267 2408 289 2451; x_wconf 88' lang='lat' dir='ltr'><strong>la</strong></span> <span class='ocrx_word' id='word_1_158' title='bbox 303 2417 407 2453; x_wconf 86' lang='lat' dir='ltr'><strong>sentenoe</strong></span> <span class='ocrx_word' id='word_1_159' title='bbox 416 2406 452 2453; x_wconf 80' lang='lat' dir='ltr'><strong>tet</strong></span> <span class='ocrx_word' id='word_1_160' title='bbox 460 2409 533 2453; x_wconf 85' lang='lat' dir='ltr'><strong>adou-</strong></span> 
     </span>
     <span class='ocr_line' id='line_1_26' title="bbox 134 2468 533 2529; baseline -0.003 -14"><span class='ocrx_word' id='word_1_161' title='bbox 134 2469 176 2516; x_wconf 85' lang='lat' dir='ltr'><strong>eie.</strong></span> <span class='ocrx_word' id='word_1_162' title='bbox 192 2472 224 2514; x_wconf 86' lang='lat' dir='ltr'><strong>Le</strong></span> <span class='ocrx_word' id='word_1_163' title='bbox 237 2468 375 2529; x_wconf 87' lang='lat' dir='ltr'><strong>philosophe</strong></span> <span class='ocrx_word' id='word_1_164' title='bbox 390 2484 414 2514; x_wconf 83' lang='lat' dir='ltr'><strong>se</strong></span> <span class='ocrx_word' id='word_1_165' title='bbox 433 2468 533 2514; x_wconf 79' lang='lat' dir='ltr'><strong>retiraa</strong></span> 
     </span>
     <span class='ocr_line' id='line_1_27' title="bbox 134 2530 534 2595; baseline -0.003 -17"><span class='ocrx_word' id='word_1_166' title='bbox 134 2534 284 2591; x_wconf 68' lang='lat' dir='ltr'><strong>lampasque,</strong></span> <span class='ocrx_word' id='word_1_167' title='bbox 304 2531 334 2576; x_wconf 79' lang='lat' dir='ltr'><strong>od</strong></span> <span class='ocrx_word' id='word_1_168' title='bbox 352 2530 370 2576; x_wconf 91' lang='lat' dir='ltr'><strong>il</strong></span> <span class='ocrx_word' id='word_1_169' title='bbox 386 2541 479 2577; x_wconf 84' lang='lat' dir='ltr'><strong>mourut</strong></span> <span class='ocrx_word' id='word_1_170' title='bbox 492 2531 534 2595; x_wconf 73' lang='lat' dir='ltr'><strong>lge</strong></span> 
     </span>
     <span class='ocr_line' id='line_1_28' title="bbox 135 2592 423 2642; baseline 0 -2"><span class='ocrx_word' id='word_1_171' title='bbox 135 2595 164 2640; x_wconf 84' lang='lat' dir='ltr'><strong>de</strong></span> <span class='ocrx_word' id='word_1_172' title='bbox 177 2592 361 2639; x_wconf 78' lang='lat' dir='ltr'><strong>soixantedouze</strong></span> <span class='ocrx_word' id='word_1_173' title='bbox 374 2608 423 2642; x_wconf 84' lang='lat' dir='ltr'><strong>ans.</strong></span> 
     </span>
    </p>

    <p class='ocr_par' dir='ltr' id='par_1_7' title="bbox 131 2652 536 3150">
     <span class='ocr_line' id='line_1_29' title="bbox 167 2652 534 2717; baseline 0 -17"><span class='ocrx_word' id='word_1_174' title='bbox 167 2661 189 2702; x_wconf 82' lang='lat' dir='ltr'><strong>l.</strong></span> <span class='ocrx_word' id='word_1_175' title='bbox 208 2652 281 2717; x_wconf 82' lang='lat' dir='ltr'><strong>Cujus</strong></span> <span class='ocrx_word' id='word_1_176' title='bbox 307 2670 337 2700; x_wconf 72' lang='lat' dir='ltr'><strong>ea·</strong></span> <span class='ocrx_word' id='word_1_177' title='bbox 361 2654 470 2716; x_wconf 83' lang='lat' dir='ltr'><strong>epistolis.</strong></span> <span class='ocrx_word' id='word_1_178' title='bbox 494 2653 534 2700; x_wconf 86' lang='lat' dir='ltr'><strong>Ci-</strong></span> 
     </span>
     <span class='ocr_line' id='line_1_30' title="bbox 134 2714 535 2763; baseline -0.01 0"><span class='ocrx_word' id='word_1_179' title='bbox 134 2715 203 2763; x_wconf 74' lang='lat' dir='ltr'><strong>ceron</strong></span> <span class='ocrx_word' id='word_1_180' title='bbox 223 2714 265 2761; x_wconf 79' lang='lat' dir='ltr'><strong>fait</strong></span> <span class='ocrx_word' id='word_1_181' title='bbox 283 2731 333 2761; x_wconf 86' lang='lat' dir='ltr'><strong>saus</strong></span> <span class='ocrx_word' id='word_1_182' title='bbox 349 2717 419 2762; x_wconf 87' lang='lat' dir='ltr'><strong>doute</strong></span> <span class='ocrx_word' id='word_1_183' title='bbox 437 2715 467 2761; x_wconf 90' lang='lat' dir='ltr'><strong>ioi</strong></span> <span class='ocrx_word' id='word_1_184' title='bbox 480 2716 535 2760; x_wconf 85' lang='lat' dir='ltr'><strong>allu-</strong></span> 
     </span>
     <span class='ocr_line' id='line_1_31' title="bbox 135 2776 536 2824; baseline 0 -2"><span class='ocrx_word' id='word_1_185' title='bbox 135 2777 185 2823; x_wconf 86' lang='lat' dir='ltr'><strong>sion</strong></span> <span class='ocrx_word' id='word_1_186' title='bbox 208 2776 221 2822; x_wconf 75' lang='lat' dir='ltr'><strong>a</strong></span> <span class='ocrx_word' id='word_1_187' title='bbox 245 2793 289 2823; x_wconf 88' lang='lat' dir='ltr'><strong>une</strong></span> <span class='ocrx_word' id='word_1_188' title='bbox 310 2779 376 2824; x_wconf 86' lang='lat' dir='ltr'><strong>lettre</strong></span> <span class='ocrx_word' id='word_1_189' title='bbox 395 2779 423 2824; x_wconf 90' lang='lat' dir='ltr'><strong>de</strong></span> <span class='ocrx_word' id='word_1_190' title='bbox 449 2778 536 2824; x_wconf 68' lang='lat' dir='ltr'><strong>Denuo--</strong></span> 
     </span>
     <span class='ocr_line' id='line_1_32' title="bbox 135 2838 535 2899; baseline -0.008 -13"><span class='ocrx_word' id='word_1_191' title='bbox 135 2840 214 2886; x_wconf 74' lang='lat' dir='ltr'><strong>sthene</strong></span> <span class='ocrx_word' id='word_1_192' title='bbox 236 2840 250 2885; x_wconf 73' lang='lat' dir='ltr'><strong>a</strong></span> <span class='ocrx_word' id='word_1_193' title='bbox 273 2838 453 2899; x_wconf 48' lang='lat' dir='ltr'><strong>Heracleodorffi</strong></span> <span class='ocrx_word' id='word_1_194' title='bbox 478 2840 535 2884; x_wconf 86' lang='lat' dir='ltr'><strong>dans</strong></span> 
     </span>
     <span class='ocr_line' id='line_1_33' title="bbox 135 2901 533 2963; baseline -0.003 -16"><span class='ocrx_word' id='word_1_195' title='bbox 135 2901 230 2962; x_wconf 88' lang='lat' dir='ltr'><strong>laquelle</strong></span> <span class='ocrx_word' id='word_1_196' title='bbox 249 2903 356 2947; x_wconf 86' lang='lat' dir='ltr'><strong>l’orateur</strong></span> <span class='ocrx_word' id='word_1_197' title='bbox 381 2902 470 2963; x_wconf 83' lang='lat' dir='ltr'><strong>supplie</strong></span> <span class='ocrx_word' id='word_1_198' title='bbox 493 2917 533 2946; x_wconf 90' lang='lat' dir='ltr'><strong>son</strong></span> 
     </span>
     <span class='ocr_line' id='line_1_34' title="bbox 136 2953 534 3024; baseline -0.005 -15"><span class='ocrx_word' id='word_1_199' title='bbox 136 2962 180 3009; x_wconf 86' lang='lat' dir='ltr'><strong>ami</strong></span> <span class='ocrx_word' id='word_1_200' title='bbox 195 2964 223 3009; x_wconf 87' lang='lat' dir='ltr'><strong>de</strong></span> <span class='ocrx_word' id='word_1_201' title='bbox 234 2979 264 3010; x_wconf 88' lang='lat' dir='ltr'><strong>ne</strong></span> <span class='ocrx_word' id='word_1_202' title='bbox 278 2980 319 3024; x_wconf 83' lang='lat' dir='ltr'><strong>pas</strong></span> <span class='ocrx_word' id='word_1_203' title='bbox 332 2965 466 3024; x_wconf 86' lang='lat' dir='ltr'><strong>poursuivre</strong></span> <span class='ocrx_word' id='word_1_204' title='bbox 480 2953 534 3024; x_wconf 75' lang='lat' dir='ltr'><strong>Epi-</strong></span> 
     </span>
     <span class='ocr_line' id='line_1_35' title="bbox 136 3025 534 3072; baseline -0.003 -2"><span class='ocrx_word' id='word_1_205' title='bbox 136 3026 205 3071; x_wconf 88' lang='lat' dir='ltr'><strong>timus</strong></span> <span class='ocrx_word' id='word_1_206' title='bbox 212 3040 249 3070; x_wconf 86' lang='lat' dir='ltr'><strong>sur</strong></span> <span class='ocrx_word' id='word_1_207' title='bbox 255 3026 276 3069; x_wconf 89' lang='lat' dir='ltr'><strong>la</strong></span> <span class='ocrx_word' id='word_1_208' title='bbox 284 3025 446 3072; x_wconf 75' lang='lat' dir='ltr'><strong>denonciation</strong></span> <span class='ocrx_word' id='word_1_209' title='bbox 455 3027 534 3070; x_wconf 76' lang='lat' dir='ltr'><strong>d&#39;Ara·</strong></span> 
     </span>
     <span class='ocr_line' id='line_1_36' title="bbox 131 3086 534 3150; baseline 0.005 -20"><span class='ocrx_word' id='word_1_210' title='bbox 131 3097 174 3131; x_wconf 70' lang='lat' dir='ltr'><strong>tus,</strong></span> <span class='ocrx_word' id='word_1_211' title='bbox 189 3087 266 3146; x_wconf 62' lang='lat' dir='ltr'><strong>Apte</strong></span> <span class='ocrx_word' id='word_1_212' title='bbox 277 3087 343 3133; x_wconf 80' lang='lat' dir='ltr'><strong>avoir</strong></span> <span class='ocrx_word' id='word_1_213' title='bbox 354 3088 448 3150; x_wconf 74' lang='lat' dir='ltr'><strong>rappelti</strong></span> <span class='ocrx_word' id='word_1_214' title='bbox 462 3087 476 3134; x_wconf 74' lang='lat' dir='ltr'><strong>a</strong></span> <span class='ocrx_word' id='word_1_215' title='bbox 488 3086 534 3133; x_wconf 78' lang='lat' dir='ltr'><strong>Ht&#39;s·</strong></span> 
     </span>
    </p>

    <p class='ocr_par' dir='ltr' id='par_1_8' title="bbox 116 3146 535 3216">
     <span class='ocr_line' id='line_1_37' title="bbox 116 3146 535 3216; baseline 0.029 -29"><span class='ocrx_word' id='word_1_216' title='bbox 116 3146 256 3194; x_wconf 67' lang='lat' dir='ltr'><strong>meleodore</strong></span> <span class='ocrx_word' id='word_1_217' title='bbox 267 3149 370 3199; x_wconf 80' lang='lat' dir='ltr'><strong>l&#39;estr&#39;me</strong></span> <span class='ocrx_word' id='word_1_218' title='bbox 383 3151 443 3216; x_wconf 84' lang='lat' dir='ltr'><strong>qu&#39;il</strong></span> <span class='ocrx_word' id='word_1_219' title='bbox 456 3168 469 3199; x_wconf 84' lang='lat' dir='ltr'><strong>a</strong></span> <span class='ocrx_word' id='word_1_220' title='bbox 481 3160 535 3198; x_wconf 83' lang='lat' dir='ltr'><strong>tou·</strong></span> 
     </span>
    </p>
   </div>
   <div class='ocr_carea' id='block_1_7' title="bbox 583 2155 985 3205">
    <p class='ocr_par' dir='ltr' id='par_1_9' title="bbox 583 2155 985 3205">
     <span class='ocr_line' id='line_1_38' title="bbox 583 2155 985 2220; baseline 0.005 -16"><span class='ocrx_word' id='word_1_221' title='bbox 583 2158 648 2218; x_wconf 85' lang='lat' dir='ltr'><strong>jours</strong></span> <span class='ocrx_word' id='word_1_222' title='bbox 671 2155 786 2220; x_wconf 72' lang='lat' dir='ltr'><strong>professes</strong></span> <span class='ocrx_word' id='word_1_223' title='bbox 811 2172 871 2219; x_wconf 84' lang='lat' dir='ltr'><strong>pour</strong></span> <span class='ocrx_word' id='word_1_224' title='bbox 897 2157 938 2218; x_wconf 88' lang='lat' dir='ltr'><strong>lui,</strong></span> <span class='ocrx_word' id='word_1_225' title='bbox 966 2158 985 2206; x_wconf 89' lang='lat' dir='ltr'><strong>il</strong></span> 
     </span>
     <span class='ocr_line' id='line_1_39' title="bbox 585 2220 985 2344; baseline 0 -16"><span class='ocrx_word' id='word_1_226' title='bbox 585 2220 985 2344; x_wconf 54' lang='lat' dir='ltr'><strong>saturaremur</strong></span> 
     </span>
     <span class='ocr_line' id='line_1_40' title="bbox 585 2342 985 2409; baseline 0.005 -19"><span class='ocrx_word' id='word_1_227' title='bbox 585 2342 697 2391; x_wconf 82' lang='lat' dir='ltr'><strong>mauvaiae</strong></span> <span class='ocrx_word' id='word_1_228' title='bbox 719 2362 726 2392; x_wconf 79' lang='lat' dir='ltr'><strong>a</strong></span> <span class='ocrx_word' id='word_1_229' title='bbox 752 2342 830 2409; x_wconf 85' lang='grc' dir='ltr'><strong>Ὁρῶν</strong></span> <span class='ocrx_word' id='word_1_230' title='bbox 851 2345 889 2394; x_wconf 82' lang='grc' dir='ltr'><strong>ὅτι</strong></span> <span class='ocrx_word' id='word_1_231' title='bbox 915 2346 985 2403; x_wconf 77' lang='grc' dir='ltr'>δόξης</span> 
     </span>
     <span class='ocr_line' id='line_1_41' title="bbox 584 2407 983 2470; baseline 0 -14"><span class='ocrx_word' id='word_1_232' title='bbox 584 2407 770 2470; x_wconf 71' lang='grc' dir='ltr'><strong>ἐπιτυγχάνων,</strong></span> <span class='ocrx_word' id='word_1_233' title='bbox 800 2407 843 2455; x_wconf 76' lang='grc' dir='ltr'><strong>καὶ</strong></span> <span class='ocrx_word' id='word_1_234' title='bbox 873 2407 983 2456; x_wconf 84' lang='grc' dir='ltr'><strong>παιδείαν</strong></span> 
     </span>
     <span class='ocr_line' id='line_1_42' title="bbox 584 2468 984 2533; baseline 0.005 -17"><span class='ocrx_word' id='word_1_235' title='bbox 584 2468 715 2533; x_wconf 80' lang='grc' dir='ltr'><strong>ἀπεδέχου,</strong></span> <span class='ocrx_word' id='word_1_236' title='bbox 730 2469 863 2518; x_wconf 73' lang='grc' dir='ltr'><strong>καὶταῦτα</strong></span> <span class='ocrx_word' id='word_1_237' title='bbox 877 2469 927 2518; x_wconf 81' lang='grc' dir='ltr'><strong>ἀπὸ</strong></span> <span class='ocrx_word' id='word_1_238' title='bbox 940 2473 984 2526; x_wconf 81' lang='grc' dir='ltr'><strong>τῆς</strong></span> 
     </span>
     <span class='ocr_line' id='line_1_43' title="bbox 584 2530 984 2596; baseline 0 -17"><span class='ocrx_word' id='word_1_239' title='bbox 584 2531 718 2587; x_wconf 83' lang='grc' dir='ltr'><strong>Πλάτωνος</strong></span> <span class='ocrx_word' id='word_1_240' title='bbox 755 2530 893 2593; x_wconf 61' lang='lat' dir='ltr'><strong>dromadis,</strong></span> <span class='ocrx_word' id='word_1_241' title='bbox 920 2530 984 2596; x_wconf 78' lang='grc' dir='ltr'><strong>ἥπερ</strong></span> 
     </span>
     <span class='ocr_line' id='line_1_44' title="bbox 586 2593 983 2654; baseline 0 -13"><span class='ocrx_word' id='word_1_242' title='bbox 586 2593 652 2642; x_wconf 80' lang='grc' dir='ltr'><strong>ἐστὶν</strong></span> <span class='ocrx_word' id='word_1_243' title='bbox 680 2595 713 2649; x_wconf 80' lang='grc' dir='ltr'><strong>ὡς</strong></span> <span class='ocrx_word' id='word_1_244' title='bbox 743 2593 838 2650; x_wconf 75' lang='grc' dir='ltr'><strong>ἀληθῶς</strong></span> <span class='ocrx_word' id='word_1_245' title='bbox 863 2596 912 2640; x_wconf 84' lang='grc' dir='ltr'><strong>τῶν</strong></span> <span class='ocrx_word' id='word_1_246' title='bbox 940 2593 983 2654; x_wconf 81' lang='grc' dir='ltr'><strong>μὲν</strong></span> 
     </span>
     <span class='ocr_line' id='line_1_45' title="bbox 586 2655 985 2719; baseline 0.005 -16"><span class='ocrx_word' id='word_1_247' title='bbox 586 2655 806 2715; x_wconf 78' lang='grc' dir='ltr'><strong>πλεονεκτημάτων</strong></span> <span class='ocrx_word' id='word_1_248' title='bbox 819 2655 861 2704; x_wconf 75' lang='grc' dir='ltr'><strong>καὶ</strong></span> <span class='ocrx_word' id='word_1_249' title='bbox 872 2659 920 2702; x_wconf 82' lang='grc' dir='ltr'><strong>τῶν</strong></span> <span class='ocrx_word' id='word_1_250' title='bbox 930 2656 985 2719; x_wconf 79' lang='grc' dir='ltr'><strong>περὶ</strong></span> 
     </span>
     <span class='ocr_line' id='line_1_46' title="bbox 585 2715 984 2777; baseline 0 -13"><span class='ocrx_word' id='word_1_251' title='bbox 585 2721 663 2765; x_wconf 80' lang='grc' dir='ltr'><strong>ταῦτα</strong></span> <span class='ocrx_word' id='word_1_252' title='bbox 683 2715 841 2777; x_wconf 73' lang='grc' dir='ltr'><strong>σοφισμάτων</strong></span> <span class='ocrx_word' id='word_1_253' title='bbox 859 2716 920 2774; x_wconf 67' lang='lat' dir='ltr'><strong>lto,</strong></span> <span class='ocrx_word' id='word_1_254' title='bbox 939 2722 984 2765; x_wconf 81' lang='grc' dir='ltr'><strong>τοῦ</strong></span> 
     </span>
     <span class='ocr_line' id='line_1_47' title="bbox 587 2777 985 2841; baseline 0 -14"><span class='ocrx_word' id='word_1_255' title='bbox 587 2778 715 2841; x_wconf 81' lang='grc' dir='ltr'><strong>βελτίστου</strong></span> <span class='ocrx_word' id='word_1_256' title='bbox 722 2779 749 2827; x_wconf 80' lang='grc' dir='ltr'><strong>δὲ</strong></span> <span class='ocrx_word' id='word_1_257' title='bbox 756 2778 797 2826; x_wconf 75' lang='grc' dir='ltr'><strong>καὶ</strong></span> <span class='ocrx_word' id='word_1_258' title='bbox 804 2782 848 2826; x_wconf 84' lang='grc' dir='ltr'><strong>τοῦ</strong></span> <span class='ocrx_word' id='word_1_259' title='bbox 860 2777 985 2827; x_wconf 80' lang='grc' dir='ltr'><strong>διπαιοτά·</strong></span> 
     </span>
     <span class='ocr_line' id='line_1_48' title="bbox 586 2839 984 2901; baseline -0.005 -12"><span class='ocrx_word' id='word_1_260' title='bbox 586 2857 631 2889; x_wconf 84' lang='grc' dir='ltr'><strong>του</strong></span> <span class='ocrx_word' id='word_1_261' title='bbox 649 2840 720 2889; x_wconf 81' lang='grc' dir='ltr'><strong>πάνθ’</strong></span> <span class='ocrx_word' id='word_1_262' title='bbox 732 2839 805 2888; x_wconf 68' lang='lat' dir='ltr'><strong>laesa</strong></span> <span class='ocrx_word' id='word_1_263' title='bbox 819 2839 984 2901; x_wconf 70' lang='grc' dir='ltr'><strong>ιξηταομένη·</strong></span> 
     </span>
     <span class='ocr_line' id='line_1_49' title="bbox 586 2901 985 2964; baseline -0.003 -12"><span class='ocrx_word' id='word_1_264' title='bbox 586 2901 613 2961; x_wconf 77' lang='grc' dir='ltr'><strong>ἧς</strong></span> <span class='ocrx_word' id='word_1_265' title='bbox 633 2902 668 2964; x_wconf 82' lang='grc' dir='ltr'><strong>μὰ</strong></span> <span class='ocrx_word' id='word_1_266' title='bbox 687 2901 745 2958; x_wconf 82' lang='grc' dir='ltr'><strong>τοὺς</strong></span> <span class='ocrx_word' id='word_1_267' title='bbox 765 2901 834 2956; x_wconf 80' lang='grc' dir='ltr'><strong>θεοὺς</strong></span> <span class='ocrx_word' id='word_1_268' title='bbox 850 2904 886 2962; x_wconf 83' lang='grc' dir='ltr'><strong>τῷ</strong></span> <span class='ocrx_word' id='word_1_269' title='bbox 908 2917 985 2963; x_wconf 83' lang='grc' dir='ltr'><strong>μετοι-</strong></span> 
     </span>
     <span class='ocr_line' id='line_1_50' title="bbox 587 2960 984 3025; baseline -0.003 -13"><span class='ocrx_word' id='word_1_270' title='bbox 587 2965 669 3025; x_wconf 81' lang='grc' dir='ltr'><strong>οχόντι</strong></span> <span class='ocrx_word' id='word_1_271' title='bbox 686 2964 718 3023; x_wconf 75' lang='grc' dir='ltr'><strong>μὴ</strong></span> <span class='ocrx_word' id='word_1_272' title='bbox 740 2960 796 3024; x_wconf 81' lang='grc' dir='ltr'><strong>οὐχὶ</strong></span> <span class='ocrx_word' id='word_1_273' title='bbox 812 2961 928 3021; x_wconf 73' lang='grc' dir='ltr'><strong>ἀψευδεῖν</strong></span> <span class='ocrx_word' id='word_1_274' title='bbox 943 2963 984 3012; x_wconf 71' lang='grc' dir='ltr'><strong>καὶ</strong></span> 
     </span>
     <span class='ocr_line' id='line_1_51' title="bbox 586 3024 982 3149; baseline -0.01 -13"><span class='ocrx_word' id='word_1_275' title='bbox 586 3024 982 3149; x_wconf 50' lang='lat' dir='ltr'><strong>etaltetttttlt‘ltttll</strong></span> 
     </span>
     <span class='ocr_line' id='line_1_52' title="bbox 589 3120 983 3205; baseline -0.02 -8"><span class='ocrx_word' id='word_1_276' title='bbox 589 3149 648 3197; x_wconf 83' lang='lat' dir='ltr'><strong>mais</strong></span> <span class='ocrx_word' id='word_1_277' title='bbox 657 3147 718 3196; x_wconf 77' lang='lat' dir='ltr'><strong>bien</strong></span> <span class='ocrx_word' id='word_1_278' title='bbox 726 3155 844 3194; x_wconf 69' lang='lat' dir='ltr'><strong>muntem</strong></span> <span class='ocrx_word' id='word_1_279' title='bbox 854 3120 983 3205; x_wconf 54' lang='lat' dir='ltr'><strong>paupe*</strong></span> 
     </span>
    </p>
   </div>
   <div class='ocr_carea' id='block_1_8' title="bbox 0 0 1050 3524">
    <p class='ocr_par' dir='ltr' id='par_1_10' title="bbox 0 0 1050 3524">
     <span class='ocr_line' id='line_1_53' title="bbox 0 0 1050 3524; baseline 0 0"><span class='ocrx_word' id='word_1_280' title='bbox 0 0 1050 3524; x_wconf 95' lang='lat' dir='ltr'><strong> </strong></span> 
     </span>
    </p>
   </div>
  </div>
 </body>
</html>
