<?xml version="1.0" encoding="UTF-8"?>
<!DOCTYPE html PUBLIC "-//W3C//DTD XHTML 1.0 Transitional//EN"
    "http://www.w3.org/TR/xhtml1/DTD/xhtml1-transitional.dtd">
<html xmlns="http://www.w3.org/1999/xhtml" xml:lang="en" lang="en">
 <head>
  <title>
</title>
<meta http-equiv="Content-Type" content="text/html;charset=utf-8" />
  <meta name='ocr-system' content='tesseract 3.04.00' />
  <meta name='ocr-capabilities' content='ocr_page ocr_carea ocr_par ocr_line ocrx_word'/>
</head>
<body>
  <div class='ocr_page' id='page_1' title='image "./orator00aubegoog/orator00aubegoog_0114.png"; bbox 0 0 2070 3524; ppageno 0'>
   <div class='ocr_carea' id='block_1_1' title="bbox 91 112 577 161">
    <p class='ocr_par' dir='ltr' id='par_1_1' title="bbox 91 112 577 161">
     <span class='ocr_line' id='line_1_1' title="bbox 91 112 577 161; baseline 0.006 -3"><span class='ocrx_word' id='word_1_1' title='bbox 91 120 131 160; x_wconf 80' lang='lat' dir='ltr'><strong>lul</strong></span> <span class='ocrx_word' id='word_1_2' title='bbox 444 112 577 161; x_wconf 77' lang='lat' dir='ltr'>ORATOR.</span> 
     </span>
    </p>
   </div>
   <div class='ocr_carea' id='block_1_2' title="bbox 88 224 970 1868">
    <p class='ocr_par' dir='ltr' id='par_1_2' title="bbox 88 224 970 1517">
     <span class='ocr_line' id='line_1_2' title="bbox 88 224 920 302; baseline -0.004 -16"><span class='ocrx_word' id='word_1_3' title='bbox 88 228 156 287; x_wconf 91' lang='lat' dir='ltr'><strong>dum</strong></span> <span class='ocrx_word' id='word_1_4' title='bbox 171 241 255 302; x_wconf 87' lang='lat' dir='ltr'><strong>esset,</strong></span> <span class='ocrx_word' id='word_1_5' title='bbox 270 228 426 286; x_wconf 89' lang='lat' dir='ltr'><strong>absurdum</strong></span> <span class='ocrx_word' id='word_1_6' title='bbox 441 242 502 287; x_wconf 86' lang='lat' dir='ltr'><strong>erat</strong></span> <span class='ocrx_word' id='word_1_7' title='bbox 516 240 567 286; x_wconf 92' lang='lat' dir='ltr'><strong>aut</strong></span> <span class='ocrx_word' id='word_1_8' title='bbox 581 230 694 286; x_wconf 79' lang='lat' dir='ltr'><strong>tantiam</strong></span> <span class='ocrx_word' id='word_1_9' title='bbox 712 225 845 285; x_wconf 84' lang='lat' dir='ltr'><strong>barbaris</strong></span> <span class='ocrx_word' id='word_1_10' title='bbox 859 224 920 284; x_wconf 82' lang='lat' dir='ltr'><strong>casi-</strong></span> 
     </span>
     <span class='ocr_line' id='line_1_3' title="bbox 88 318 919 395; baseline -0.005 -15"><span class='ocrx_word' id='word_1_11' title='bbox 88 322 142 380; x_wconf 88' lang='lat' dir='ltr'><strong>bus</strong></span> <span class='ocrx_word' id='word_1_12' title='bbox 152 326 281 383; x_wconf 81' lang='lat' dir='ltr'><strong>Graecam</strong></span> <span class='ocrx_word' id='word_1_13' title='bbox 294 321 420 380; x_wconf 83' lang='lat' dir='ltr'><strong>litteram</strong></span> <span class='ocrx_word' id='word_1_14' title='bbox 431 321 579 395; x_wconf 87' lang='lat' dir='ltr'><strong>adhibere,</strong></span> <span class='ocrx_word' id='word_1_15' title='bbox 591 333 642 379; x_wconf 88' lang='lat' dir='ltr'><strong>aut</strong></span> <span class='ocrx_word' id='word_1_16' title='bbox 655 333 735 379; x_wconf 85' lang='lat' dir='ltr'><strong>recto</strong></span> <span class='ocrx_word' id='word_1_17' title='bbox 747 319 830 379; x_wconf 81' lang='lat' dir='ltr'><strong>casu¹</strong></span> <span class='ocrx_word' id='word_1_18' title='bbox 844 318 919 378; x_wconf 79' lang='lat' dir='ltr'><strong>sollu</strong></span> 
     </span>
     <span class='ocr_line' id='line_1_4' title="bbox 88 412 970 494; baseline -0.005 -20"><span class='ocrx_word' id='word_1_19' title='bbox 88 417 179 494; x_wconf 76' lang='lat' dir='ltr'><strong>graece</strong></span> <span class='ocrx_word' id='word_1_20' title='bbox 191 415 271 492; x_wconf 90' lang='lat' dir='ltr'><strong>loqui</strong></span> <span class='ocrx_word' id='word_1_21' title='bbox 287 437 294 472; x_wconf 89' lang='lat'>:</span> <span class='ocrx_word' id='word_1_22' title='bbox 308 427 404 473; x_wconf 89' lang='lat' dir='ltr'><strong>tamen</strong></span> <span class='ocrx_word' id='word_1_23' title='bbox 425 427 454 473; x_wconf 91' lang='lat' dir='ltr'><strong>et</strong></span> <span class='ocrx_word' id='word_1_24' title='bbox 477 415 665 493; x_wconf 74' lang='lat' dir='ltr'><strong>«Phryges»</strong></span> <span class='ocrx_word' id='word_1_25' title='bbox 685 424 714 471; x_wconf 90' lang='lat' dir='ltr'><strong>et</strong></span> <span class='ocrx_word' id='word_1_26' title='bbox 731 439 746 467; x_wconf 72' lang='grc' dir='ltr'><strong>α</strong></span> <span class='ocrx_word' id='word_1_27' title='bbox 765 412 919 491; x_wconf 69' lang='lat' dir='ltr'><strong>Pyrrhum»</strong></span> <span class='ocrx_word' id='word_1_28' title='bbox 967 440 970 489; x_wconf 81' lang='lat'><em>5</em></span> 
     </span>
     <span class='ocr_line' id='line_1_5' title="bbox 88 498 970 585; baseline -0.003 -18"><span class='ocrx_word' id='word_1_29' title='bbox 88 509 199 567; x_wconf 90' lang='lat' dir='ltr'><strong>aurium</strong></span> <span class='ocrx_word' id='word_1_30' title='bbox 213 511 299 567; x_wconf 74' lang='lat' dir='ltr'><strong>causd</strong></span> <span class='ocrx_word' id='word_1_31' title='bbox 310 508 442 569; x_wconf 86' lang='lat' dir='ltr'><strong>dicimus.</strong></span> <span class='ocrx_word' id='word_1_32' title='bbox 456 508 640 581; x_wconf 84' lang='lat' dir='ltr'><strong>Quinetiam,</strong></span> <span class='ocrx_word' id='word_1_33' title='bbox 656 509 736 585; x_wconf 92' lang='lat' dir='ltr'><strong>quod</strong></span> <span class='ocrx_word' id='word_1_34' title='bbox 744 505 806 585; x_wconf 87' lang='lat' dir='ltr'><strong>jam</strong></span> <span class='ocrx_word' id='word_1_35' title='bbox 821 506 921 565; x_wconf 84' lang='lat' dir='ltr'><strong>subrus-</strong></span> <span class='ocrx_word' id='word_1_36' title='bbox 960 498 970 535; x_wconf 94' lang='lat'><strong>¹</strong></span> 
     </span>
     <span class='ocr_line' id='line_1_6' title="bbox 89 598 921 678; baseline -0.003 -19"><span class='ocrx_word' id='word_1_37' title='bbox 89 601 176 660; x_wconf 90' lang='lat' dir='ltr'><strong>ticum</strong></span> <span class='ocrx_word' id='word_1_38' title='bbox 196 600 325 672; x_wconf 88' lang='lat' dir='ltr'><strong>videtur,</strong></span> <span class='ocrx_word' id='word_1_39' title='bbox 348 600 418 658; x_wconf 91' lang='lat' dir='ltr'><strong>olim</strong></span> <span class='ocrx_word' id='word_1_40' title='bbox 439 614 534 659; x_wconf 87' lang='lat' dir='ltr'><strong>autem</strong></span> <span class='ocrx_word' id='word_1_41' title='bbox 552 598 685 678; x_wconf 86' lang='lat' dir='ltr'><strong>politius,</strong></span> <span class='ocrx_word' id='word_1_42' title='bbox 710 619 815 659; x_wconf 88' lang='lat' dir='ltr'><strong>eorum</strong></span> <span class='ocrx_word' id='word_1_43' title='bbox 831 599 921 659; x_wconf 87' lang='lat' dir='ltr'><strong>verbo-</strong></span> 
     </span>
     <span class='ocr_line' id='line_1_7' title="bbox 89 693 970 773; baseline 0 -22"><span class='ocrx_word' id='word_1_44' title='bbox 89 714 168 763; x_wconf 79' lang='lat' dir='ltr'><strong>rum,</strong></span> <span class='ocrx_word' id='word_1_45' title='bbox 189 714 313 773; x_wconf 88' lang='lat' dir='ltr'><strong>quorum</strong></span> <span class='ocrx_word' id='word_1_46' title='bbox 335 695 443 753; x_wconf 88' lang='lat' dir='ltr'><strong>eaedem</strong></span> <span class='ocrx_word' id='word_1_47' title='bbox 462 706 544 752; x_wconf 90' lang='lat' dir='ltr'><strong>erant</strong></span> <span class='ocrx_word' id='word_1_48' title='bbox 563 705 716 771; x_wconf 72' lang='lat' dir='ltr'><strong>postremae</strong></span> <span class='ocrx_word' id='word_1_49' title='bbox 738 693 805 750; x_wconf 90' lang='lat' dir='ltr'><strong>duae</strong></span> <span class='ocrx_word' id='word_1_50' title='bbox 823 693 921 764; x_wconf 79' lang='lat' dir='ltr'><strong>littera,</strong></span> <span class='ocrx_word' id='word_1_51' title='bbox 964 750 970 763; x_wconf 75' lang='grc'><strong>,</strong></span> 
     </span>
     <span class='ocr_line' id='line_1_8' title="bbox 88 785 923 866; baseline -0.002 -22"><span class='ocrx_word' id='word_1_52' title='bbox 88 808 153 865; x_wconf 84' lang='lat' dir='ltr'><strong>quae</strong></span> <span class='ocrx_word' id='word_1_53' title='bbox 167 801 232 847; x_wconf 89' lang='lat' dir='ltr'><strong>sunt</strong></span> <span class='ocrx_word' id='word_1_54' title='bbox 247 787 277 845; x_wconf 94' lang='lat' dir='ltr'><strong>in</strong></span> <span class='ocrx_word' id='word_1_55' title='bbox 295 813 309 840; x_wconf 86' lang='lat'>«</span> <span class='ocrx_word' id='word_1_56' title='bbox 325 799 473 866; x_wconf 88' lang='lat' dir='ltr'><strong>optumus,</strong></span> <span class='ocrx_word' id='word_1_57' title='bbox 490 813 502 838; x_wconf 69' lang='lat' dir='ltr'><strong>n</strong></span> <span class='ocrx_word' id='word_1_58' title='bbox 518 798 693 865; x_wconf 84' lang='lat' dir='ltr'><strong>postremam</strong></span> <span class='ocrx_word' id='word_1_59' title='bbox 707 785 834 844; x_wconf 82' lang='lat' dir='ltr'><strong>litteram</strong></span> <span class='ocrx_word' id='word_1_60' title='bbox 845 787 923 843; x_wconf 86' lang='lat' dir='ltr'><strong>detra·</strong></span> 
     </span>
     <span class='ocr_line' id='line_1_9' title="bbox 89 879 924 958; baseline -0.004 -19"><span class='ocrx_word' id='word_1_61' title='bbox 89 881 213 951; x_wconf 78' lang='lat' dir='ltr'><strong>habant,</strong></span> <span class='ocrx_word' id='word_1_62' title='bbox 236 881 292 938; x_wconf 92' lang='lat' dir='ltr'><strong>nisi</strong></span> <span class='ocrx_word' id='word_1_63' title='bbox 313 879 421 938; x_wconf 84' lang='lat' dir='ltr'><strong>vocalis</strong></span> <span class='ocrx_word' id='word_1_64' title='bbox 443 879 660 958; x_wconf 87' lang='lat' dir='ltr'><strong>insequebatur.</strong></span> <span class='ocrx_word' id='word_1_65' title='bbox 678 882 722 936; x_wconf 87' lang='lat' dir='ltr'><strong>Ita</strong></span> <span class='ocrx_word' id='word_1_66' title='bbox 744 899 804 937; x_wconf 92' lang='lat' dir='ltr'><strong>non</strong></span> <span class='ocrx_word' id='word_1_67' title='bbox 825 892 882 937; x_wconf 86' lang='lat' dir='ltr'><strong>erat</strong></span> <span class='ocrx_word' id='word_1_68' title='bbox 897 897 924 936; x_wconf 82' lang='lat' dir='ltr'><strong>ea</strong></span> 
     </span>
     <span class='ocr_line' id='line_1_10' title="bbox 89 971 922 1051; baseline -0.005 -19"><span class='ocrx_word' id='word_1_69' title='bbox 89 974 210 1032; x_wconf 86' lang='lat' dir='ltr'><strong>offensio</strong></span> <span class='ocrx_word' id='word_1_70' title='bbox 228 974 258 1031; x_wconf 92' lang='lat' dir='ltr'><strong>in</strong></span> <span class='ocrx_word' id='word_1_71' title='bbox 276 973 417 1043; x_wconf 82' lang='lat' dir='ltr'><strong>versibus,</strong></span> <span class='ocrx_word' id='word_1_72' title='bbox 435 993 520 1050; x_wconf 86' lang='lat' dir='ltr'><strong>quarn</strong></span> <span class='ocrx_word' id='word_1_73' title='bbox 536 992 612 1030; x_wconf 90' lang='lat' dir='ltr'><strong>nunc</strong></span> <span class='ocrx_word' id='word_1_74' title='bbox 628 971 741 1050; x_wconf 84' lang='lat' dir='ltr'><strong>fugiunt</strong></span> <span class='ocrx_word' id='word_1_75' title='bbox 754 984 847 1051; x_wconf 85' lang='lat' dir='ltr'><strong>poetae</strong></span> <span class='ocrx_word' id='word_1_76' title='bbox 857 971 922 1029; x_wconf 87' lang='lat' dir='ltr'><strong>novi.</strong></span> 
     </span>
     <span class='ocr_line' id='line_1_11' title="bbox 88 1064 922 1145; baseline -0.001 -21"><span class='ocrx_word' id='word_1_77' title='bbox 88 1071 130 1124; x_wconf 88' lang='lat' dir='ltr'><strong>Ita</strong></span> <span class='ocrx_word' id='word_1_78' title='bbox 142 1068 218 1124; x_wconf 89' lang='lat' dir='ltr'><strong>enim</strong></span> <span class='ocrx_word' id='word_1_79' title='bbox 230 1065 440 1142; x_wconf 87' lang='lat' dir='ltr'><strong>loquebamur:</strong></span> <span class='ocrx_word' id='word_1_80' title='bbox 459 1093 472 1118; x_wconf 71' lang='grc' dir='ltr'><em>α</em></span> <span class='ocrx_word' id='word_1_81' title='bbox 488 1066 544 1140; x_wconf 91' lang='lat' dir='ltr'><strong>Qui</strong></span> <span class='ocrx_word' id='word_1_82' title='bbox 558 1079 600 1124; x_wconf 86' lang='lat' dir='ltr'><strong>est</strong></span> <span class='ocrx_word' id='word_1_83' title='bbox 615 1064 743 1123; x_wconf 89' lang='lat' dir='ltr'><strong>omuibu&#39;</strong></span> <span class='ocrx_word' id='word_1_84' title='bbox 761 1066 922 1145; x_wconf 69' lang='lat' dir='ltr'><strong>princeps,-</strong></span> 
     </span>
     <span class='ocr_line' id='line_1_12' title="bbox 88 1157 923 1238; baseline 0 -22"><span class='ocrx_word' id='word_1_85' title='bbox 88 1179 146 1216; x_wconf 92' lang='lat' dir='ltr'><strong>non</strong></span> <span class='ocrx_word' id='word_1_86' title='bbox 164 1185 177 1212; x_wconf 71' lang='lat' dir='ltr'><strong>a</strong></span> <span class='ocrx_word' id='word_1_87' title='bbox 189 1157 323 1216; x_wconf 91' lang='lat' dir='ltr'><strong>omnibus</strong></span> <span class='ocrx_word' id='word_1_88' title='bbox 338 1157 486 1238; x_wconf 82' lang='lat' dir='ltr'><strong>princeps,</strong></span> <span class='ocrx_word' id='word_1_89' title='bbox 504 1186 517 1212; x_wconf 68' lang='lat' dir='ltr'><strong>a</strong></span> <span class='ocrx_word' id='word_1_90' title='bbox 532 1171 561 1217; x_wconf 88' lang='lat' dir='ltr'><strong>et</strong></span> <span class='ocrx_word' id='word_1_91' title='bbox 576 1186 589 1211; x_wconf 70' lang='lat' dir='ltr'><strong>a</strong></span> <span class='ocrx_word' id='word_1_92' title='bbox 606 1159 671 1217; x_wconf 81' lang='lat' dir='ltr'><strong>vitt</strong></span> <span class='ocrx_word' id='word_1_93' title='bbox 684 1159 734 1216; x_wconf 80' lang='lat' dir='ltr'><strong>illd</strong></span> <span class='ocrx_word' id='word_1_94' title='bbox 745 1157 845 1238; x_wconf 83' lang='lat' dir='ltr'><strong>dignu’</strong></span> <span class='ocrx_word' id='word_1_95' title='bbox 858 1159 923 1216; x_wconf 84' lang='lat' dir='ltr'><strong>loco·</strong></span> 
     </span>
     <span class='ocr_line' id='line_1_13' title="bbox 89 1250 925 1331; baseline -0.005 -20"><span class='ocrx_word' id='word_1_96' title='bbox 89 1272 158 1331; x_wconf 87' lang='lat' dir='ltr'><strong>que,</strong></span> <span class='ocrx_word' id='word_1_97' title='bbox 175 1277 189 1304; x_wconf 73' lang='lat'><strong>³&gt;</strong></span> <span class='ocrx_word' id='word_1_98' title='bbox 206 1272 278 1323; x_wconf 91' lang='lat' dir='ltr'><strong>non,</strong></span> <span class='ocrx_word' id='word_1_99' title='bbox 300 1277 314 1304; x_wconf 66' lang='grc' dir='ltr'>ι</span> <span class='ocrx_word' id='word_1_100' title='bbox 331 1251 444 1330; x_wconf 83' lang='lat' dir='ltr'><strong>dignus.</strong></span> <span class='ocrx_word' id='word_1_101' title='bbox 464 1277 477 1303; x_wconf 58' lang='lat' dir='ltr'><strong>a&gt;</strong></span> <span class='ocrx_word' id='word_1_102' title='bbox 495 1251 582 1326; x_wconf 78' lang='lat' dir='ltr'><strong>Quod</strong></span> <span class='ocrx_word' id='word_1_103' title='bbox 593 1251 618 1308; x_wconf 89' lang='lat' dir='ltr'><strong>si</strong></span> <span class='ocrx_word' id='word_1_104' title='bbox 632 1250 748 1309; x_wconf 89' lang='lat' dir='ltr'><strong>indocta</strong></span> <span class='ocrx_word' id='word_1_105' title='bbox 762 1252 925 1310; x_wconf 83' lang='lat' dir='ltr'><strong>consuetudo</strong></span> 
     </span>
     <span class='ocr_line' id='line_1_14' title="bbox 88 1343 926 1422; baseline -0.006 -18"><span class='ocrx_word' id='word_1_106' title='bbox 88 1359 147 1404; x_wconf 92' lang='lat' dir='ltr'><strong>tam</strong></span> <span class='ocrx_word' id='word_1_107' title='bbox 160 1358 203 1405; x_wconf 85' lang='lat' dir='ltr'><strong>est</strong></span> <span class='ocrx_word' id='word_1_108' title='bbox 213 1345 317 1404; x_wconf 78' lang='lat' dir='ltr'><strong>artilex</strong></span> <span class='ocrx_word' id='word_1_109' title='bbox 331 1346 487 1414; x_wconf 83' lang='lat' dir='ltr'><strong>suavitatis,</strong></span> <span class='ocrx_word' id='word_1_110' title='bbox 501 1344 571 1422; x_wconf 94' lang='lat' dir='ltr'><strong>quid</strong></span> <span class='ocrx_word' id='word_1_111' title='bbox 582 1344 619 1402; x_wconf 93' lang='lat' dir='ltr'><strong>ab</strong></span> <span class='ocrx_word' id='word_1_112' title='bbox 632 1343 696 1422; x_wconf 71' lang='lat' dir='ltr'><strong>ipsa</strong></span> <span class='ocrx_word' id='word_1_113' title='bbox 707 1345 828 1403; x_wconf 87' lang='lat' dir='ltr'><strong>tandem</strong></span> <span class='ocrx_word' id='word_1_114' title='bbox 839 1356 896 1404; x_wconf 86' lang='lat' dir='ltr'><strong>arte</strong></span> <span class='ocrx_word' id='word_1_115' title='bbox 906 1355 926 1401; x_wconf 83' lang='lat' dir='ltr'><strong>el</strong></span> 
     </span>
     <span class='ocr_line' id='line_1_15' title="bbox 89 1438 538 1517; baseline -0.002 -20"><span class='ocrx_word' id='word_1_116' title='bbox 89 1439 222 1498; x_wconf 76' lang='lat' dir='ltr'><strong>doctrinl</strong></span> <span class='ocrx_word' id='word_1_117' title='bbox 235 1438 375 1517; x_wconf 88' lang='lat' dir='ltr'><strong>postulari</strong></span> <span class='ocrx_word' id='word_1_118' title='bbox 388 1442 538 1516; x_wconf 82' lang='lat' dir='ltr'><strong>putamus?</strong></span> 
     </span>
    </p>

    <p class='ocr_par' dir='ltr' id='par_1_3' title="bbox 89 1530 968 1868">
     <span class='ocr_line' id='line_1_16' title="bbox 128 1530 968 1610; baseline -0.001 -21"><span class='ocrx_word' id='word_1_119' title='bbox 128 1537 196 1589; x_wconf 87' lang='lat' dir='ltr'><strong>Haec</strong></span> <span class='ocrx_word' id='word_1_120' title='bbox 209 1531 270 1588; x_wconf 86' lang='lat' dir='ltr'><strong>dixi</strong></span> <span class='ocrx_word' id='word_1_121' title='bbox 282 1531 398 1589; x_wconf 77' lang='lat' dir='ltr'><strong>brevius</strong></span> <span class='ocrx_word' id='word_1_122' title='bbox 417 1534 503 1608; x_wconf 76' lang='lat' dir='ltr'><strong>quam</strong></span> <span class='ocrx_word' id='word_1_123' title='bbox 522 1531 546 1588; x_wconf 91' lang='lat' dir='ltr'><strong>si</strong></span> <span class='ocrx_word' id='word_1_124' title='bbox 559 1531 613 1588; x_wconf 88' lang='lat' dir='ltr'><strong>hac</strong></span> <span class='ocrx_word' id='word_1_125' title='bbox 634 1530 670 1588; x_wconf 89' lang='lat' dir='ltr'><strong>de</strong></span> <span class='ocrx_word' id='word_1_126' title='bbox 691 1549 724 1588; x_wconf 84' lang='lat' dir='ltr'><strong>re</strong></span> <span class='ocrx_word' id='word_1_127' title='bbox 741 1534 800 1588; x_wconf 71' lang='lat' dir='ltr'><strong>una</strong></span> <span class='ocrx_word' id='word_1_128' title='bbox 813 1531 928 1610; x_wconf 89' lang='lat' dir='ltr'><strong>disputa·</strong></span> <span class='ocrx_word' id='word_1_129' title='bbox 965 1532 968 1537; x_wconf 83' lang='lat'>&#39;</span> 
     </span>
     <span class='ocr_line' id='line_1_17' title="bbox 90 1620 928 1702; baseline -0.005 -19"><span class='ocrx_word' id='word_1_130' title='bbox 90 1645 151 1683; x_wconf 86' lang='lat' dir='ltr'><strong>rem</strong></span> <span class='ocrx_word' id='word_1_131' title='bbox 165 1625 219 1702; x_wconf 90' lang='lat' dir='ltr'><strong>(est</strong></span> <span class='ocrx_word' id='word_1_132' title='bbox 233 1623 309 1680; x_wconf 91' lang='lat' dir='ltr'><strong>enim</strong></span> <span class='ocrx_word' id='word_1_133' title='bbox 322 1623 370 1679; x_wconf 89' lang='lat' dir='ltr'><strong>hic</strong></span> <span class='ocrx_word' id='word_1_134' title='bbox 381 1623 461 1681; x_wconf 86' lang='lat' dir='ltr'><strong>locus</strong></span> <span class='ocrx_word' id='word_1_135' title='bbox 474 1623 531 1681; x_wconf 74' lang='lat' dir='ltr'><strong>late</strong></span> <span class='ocrx_word' id='word_1_136' title='bbox 545 1634 647 1700; x_wconf 86' lang='lat' dir='ltr'><strong>patens</strong></span> <span class='ocrx_word' id='word_1_137' title='bbox 661 1620 697 1679; x_wconf 88' lang='lat' dir='ltr'><strong>de</strong></span> <span class='ocrx_word' id='word_1_138' title='bbox 711 1628 817 1681; x_wconf 71' lang='lat' dir='ltr'><strong>natura</strong></span> <span class='ocrx_word' id='word_1_139' title='bbox 828 1641 928 1702; x_wconf 86' lang='lat' dir='ltr'><strong>usuque</strong></span> 
     </span>
     <span class='ocr_line' id='line_1_18' title="bbox 89 1713 930 1795; baseline -0.001 -20"><span class='ocrx_word' id='word_1_140' title='bbox 89 1713 272 1794; x_wconf 87' lang='lat' dir='ltr'><strong>verborum),</strong></span> <span class='ocrx_word' id='word_1_141' title='bbox 298 1713 412 1791; x_wconf 79' lang='lat' dir='ltr'><strong>longius</strong></span> <span class='ocrx_word' id='word_1_142' title='bbox 427 1729 522 1774; x_wconf 83' lang='lat' dir='ltr'><strong>autem</strong></span> <span class='ocrx_word' id='word_1_143' title='bbox 537 1717 623 1794; x_wconf 74' lang='lat' dir='ltr'><strong>quam</strong></span> <span class='ocrx_word' id='word_1_144' title='bbox 639 1714 767 1774; x_wconf 87' lang='lat' dir='ltr'><strong>instituta</strong></span> <span class='ocrx_word' id='word_1_145' title='bbox 783 1717 857 1776; x_wconf 89' lang='lat' dir='ltr'><strong>ratio</strong></span> <span class='ocrx_word' id='word_1_146' title='bbox 874 1735 930 1795; x_wconf 82' lang='lat' dir='ltr'><strong>pos·</strong></span> 
     </span>
     <span class='ocr_line' id='line_1_19' title="bbox 89 1808 209 1868; baseline -0.017 0"><span class='ocrx_word' id='word_1_147' title='bbox 89 1808 209 1868; x_wconf 88' lang='lat' dir='ltr'><strong>tulabat.</strong></span> 
     </span>
    </p>
   </div>
   <div class='ocr_carea' id='block_1_3' title="bbox 124 2020 902 2154">
    <p class='ocr_par' dir='ltr' id='par_1_4' title="bbox 124 2020 902 2154">
     <span class='ocr_line' id='line_1_20' title="bbox 124 2020 902 2095; baseline 0.004 -22"><span class='ocrx_word' id='word_1_148' title='bbox 124 2023 167 2074; x_wconf 90' lang='lat' dir='ltr'><strong>Du</strong></span> <span class='ocrx_word' id='word_1_149' title='bbox 178 2039 226 2074; x_wconf 80' lang='lat' dir='ltr'><strong>son</strong></span> <span class='ocrx_word' id='word_1_150' title='bbox 241 2020 287 2075; x_wconf 83' lang='lat' dir='ltr'><strong>des</strong></span> <span class='ocrx_word' id='word_1_151' title='bbox 299 2035 380 2088; x_wconf 79' lang='lat' dir='ltr'><strong>muts3</strong></span> <span class='ocrx_word' id='word_1_152' title='bbox 396 2021 429 2074; x_wconf 84' lang='lat' dir='ltr'><strong>de</strong></span> <span class='ocrx_word' id='word_1_153' title='bbox 441 2023 599 2075; x_wconf 83' lang='lat' dir='ltr'><strong>l’harmonie</strong></span> <span class='ocrx_word' id='word_1_154' title='bbox 612 2023 694 2092; x_wconf 88' lang='lat' dir='ltr'><strong>qu’on</strong></span> <span class='ocrx_word' id='word_1_155' title='bbox 707 2021 765 2076; x_wconf 90' lang='lat' dir='ltr'><strong>doit</strong></span> <span class='ocrx_word' id='word_1_156' title='bbox 780 2025 902 2095; x_wconf 71' lang='lat' dir='ltr'><strong>menager</strong></span> 
     </span>
     <span class='ocr_line' id='line_1_21' title="bbox 360 2100 663 2154; baseline 0 -1"><span class='ocrx_word' id='word_1_157' title='bbox 360 2100 426 2153; x_wconf 85' lang='lat' dir='ltr'><strong>dans</strong></span> <span class='ocrx_word' id='word_1_158' title='bbox 437 2101 495 2153; x_wconf 86' lang='lat' dir='ltr'><strong>leur</strong></span> <span class='ocrx_word' id='word_1_159' title='bbox 506 2101 663 2154; x_wconf 83' lang='lat' dir='ltr'><strong>succession.</strong></span> 
     </span>
    </p>
   </div>
   <div class='ocr_carea' id='block_1_4' title="bbox 68 2176 933 2410">
    <p class='ocr_par' dir='ltr' id='par_1_5' title="bbox 68 2176 933 2410">
     <span class='ocr_line' id='line_1_22' title="bbox 127 2176 931 2331; baseline 0 -37"><span class='ocrx_word' id='word_1_160' title='bbox 127 2240 241 2295; x_wconf 86' lang='lat' dir='ltr'><strong>XXIII.</strong></span> <span class='ocrx_word' id='word_1_161' title='bbox 266 2176 416 2331; x_wconf 35' lang='lat' dir='ltr'><strong>Sed&amp;</strong></span> <span class='ocrx_word' id='word_1_162' title='bbox 440 2258 537 2311; x_wconf 84' lang='lat' dir='ltr'><strong>rerum</strong></span> <span class='ocrx_word' id='word_1_163' title='bbox 560 2237 776 2314; x_wconf 87' lang='lat' dir='ltr'><strong>verborumque</strong></span> <span class='ocrx_word' id='word_1_164' title='bbox 798 2236 931 2310; x_wconf 85' lang='lat' dir='ltr'><strong>judicium</strong></span> 
     </span>
     <span class='ocr_line' id='line_1_23' title="bbox 68 2326 933 2410; baseline 0 -23"><span class='ocrx_word' id='word_1_165' title='bbox 68 2329 248 2410; x_wconf 83' lang='lat' dir='ltr'><strong>¹prudentiae</strong></span> <span class='ocrx_word' id='word_1_166' title='bbox 268 2342 325 2401; x_wconf 83' lang='lat' dir='ltr'><strong>est3</strong></span> <span class='ocrx_word' id='word_1_167' title='bbox 349 2326 452 2388; x_wconf 64' lang='lat' dir='ltr'><strong>iduum</strong></span> <span class='ocrx_word' id='word_1_168' title='bbox 476 2343 571 2391; x_wconf 85' lang='lat' dir='ltr'><strong>autem</strong></span> <span class='ocrx_word' id='word_1_169' title='bbox 594 2343 623 2389; x_wconf 90' lang='lat' dir='ltr'><strong>et</strong></span> <span class='ocrx_word' id='word_1_170' title='bbox 649 2349 839 2388; x_wconf 85' lang='lat' dir='ltr'><strong>numerorum</strong></span> <span class='ocrx_word' id='word_1_171' title='bbox 856 2348 933 2388; x_wconf 86' lang='lat' dir='ltr'><strong>aures</strong></span> 
     </span>
    </p>
   </div>
   <div class='ocr_carea' id='block_1_5' title="bbox 80 2489 937 3177">
    <p class='ocr_par' dir='ltr' id='par_1_6' title="bbox 88 2489 937 2741">
     <span class='ocr_line' id='line_1_24' title="bbox 91 2489 935 2556; baseline 0.006 -24"><span class='ocrx_word' id='word_1_172' title='bbox 91 2489 133 2548; x_wconf 89' lang='lat' dir='ltr'><strong>qui</strong></span> <span class='ocrx_word' id='word_1_173' title='bbox 149 2491 332 2550; x_wconf 83' lang='lat' dir='ltr'><strong>correspondent</strong></span> <span class='ocrx_word' id='word_1_174' title='bbox 353 2489 415 2537; x_wconf 80' lang='lat' dir='ltr'><strong>nl&#39;o</strong></span> <span class='ocrx_word' id='word_1_175' title='bbox 432 2502 455 2537; x_wconf 89' lang='lat' dir='ltr'><strong>et</strong></span> <span class='ocrx_word' id='word_1_176' title='bbox 464 2509 492 2538; x_wconf 89' lang='lat' dir='ltr'><strong>au</strong></span> <span class='ocrx_word' id='word_1_177' title='bbox 517 2492 521 2547; x_wconf 78' lang='lat' dir='ltr'><strong>l</strong></span> <span class='ocrx_word' id='word_1_178' title='bbox 546 2493 672 2554; x_wconf 67' lang='lat' dir='ltr'><strong>aolaeliquis</strong></span> <span class='ocrx_word' id='word_1_179' title='bbox 686 2493 786 2540; x_wconf 78' lang='lat' dir='ltr'><strong>casibus.</strong></span> <span class='ocrx_word' id='word_1_180' title='bbox 805 2496 848 2540; x_wconf 83' lang='lat' dir='ltr'><strong>Les</strong></span> <span class='ocrx_word' id='word_1_181' title='bbox 864 2509 935 2556; x_wconf 83' lang='lat' dir='ltr'><strong>gram-</strong></span> 
     </span>
     <span class='ocr_line' id='line_1_25' title="bbox 88 2552 936 2617; baseline 0.001 -19"><span class='ocrx_word' id='word_1_182' title='bbox 88 2568 103 2598; x_wconf 83' lang='lat' dir='ltr'><strong>o</strong></span> <span class='ocrx_word' id='word_1_183' title='bbox 120 2552 160 2597; x_wconf 81' lang='lat' dir='ltr'><strong>des</strong></span> <span class='ocrx_word' id='word_1_184' title='bbox 179 2553 259 2598; x_wconf 85' lang='lat' dir='ltr'><strong>Grees.</strong></span> <span class='ocrx_word' id='word_1_185' title='bbox 278 2555 322 2599; x_wconf 84' lang='lat' dir='ltr'><strong>Ces</strong></span> <span class='ocrx_word' id='word_1_186' title='bbox 345 2554 405 2598; x_wconf 83' lang='lat' dir='ltr'><strong>deux</strong></span> <span class='ocrx_word' id='word_1_187' title='bbox 416 2552 493 2600; x_wconf 85' lang='lat' dir='ltr'><strong>lettres</strong></span> <span class='ocrx_word' id='word_1_188' title='bbox 519 2552 521 2573; x_wconf 86' lang='lat'><strong>¹</strong></span> <span class='ocrx_word' id='word_1_189' title='bbox 545 2555 650 2600; x_wconf 82' lang='lat' dir='ltr'><strong>mairiens</strong></span> <span class='ocrx_word' id='word_1_190' title='bbox 666 2554 759 2600; x_wconf 69' lang='lat' dir='ltr'><strong>inciens</strong></span> <span class='ocrx_word' id='word_1_191' title='bbox 779 2553 936 2617; x_wconf 79' lang='lat' dir='ltr'><strong>distinguaieut</strong></span> 
     </span>
     <span class='ocr_line' id='line_1_26' title="bbox 91 2576 936 2687; baseline 0.006 -30"><span class='ocrx_word' id='word_1_192' title='bbox 91 2601 171 2658; x_wconf 75' lang='lat' dir='ltr'><strong>iurent</strong></span> <span class='ocrx_word' id='word_1_193' title='bbox 182 2615 292 2675; x_wconf 74' lang='lat' dir='ltr'><strong>adoptees</strong></span> <span class='ocrx_word' id='word_1_194' title='bbox 303 2614 316 2660; x_wconf 76' lang='lat' dir='ltr'><strong>la</strong></span> <span class='ocrx_word' id='word_1_195' title='bbox 327 2614 401 2674; x_wconf 87' lang='lat' dir='ltr'><strong>partir</strong></span> <span class='ocrx_word' id='word_1_196' title='bbox 412 2615 441 2660; x_wconf 89' lang='lat' dir='ltr'><strong>de</strong></span> <span class='ocrx_word' id='word_1_197' title='bbox 451 2616 491 2662; x_wconf 71' lang='lat' dir='ltr'><strong>l&#39;d-</strong></span> <span class='ocrx_word' id='word_1_198' title='bbox 518 2576 521 2687; x_wconf 72' lang='grc' dir='ltr'>Ι</span> <span class='ocrx_word' id='word_1_199' title='bbox 544 2617 565 2663; x_wconf 85' lang='lat' dir='ltr'><strong>le</strong></span> <span class='ocrx_word' id='word_1_200' title='bbox 585 2616 719 2674; x_wconf 77' lang='lat' dir='ltr'><strong>nominatis,</strong></span> <span class='ocrx_word' id='word_1_201' title='bbox 734 2627 810 2661; x_wconf 77' lang='lat' dir='ltr'><strong>rectus</strong></span> <span class='ocrx_word' id='word_1_202' title='bbox 827 2633 906 2671; x_wconf 74' lang='lat' dir='ltr'><strong>casm,-</strong></span> <span class='ocrx_word' id='word_1_203' title='bbox 918 2616 936 2662; x_wconf 82' lang='lat' dir='ltr'><strong>le</strong></span> 
     </span>
     <span class='ocr_line' id='line_1_27' title="bbox 89 2675 937 2741; baseline 0.005 -22"><span class='ocrx_word' id='word_1_204' title='bbox 89 2677 214 2734; x_wconf 80' lang='lat' dir='ltr'><strong>poqueorl</strong></span> <span class='ocrx_word' id='word_1_205' title='bbox 228 2676 316 2722; x_wconf 82' lang='lat' dir='ltr'><strong>Ennius</strong></span> <span class='ocrx_word' id='word_1_206' title='bbox 330 2675 432 2722; x_wconf 70' lang='lat' dir='ltr'><strong>derivait.</strong></span> <span class='ocrx_word' id='word_1_207' title='bbox 519 2690 521 2735; x_wconf 78' lang='grc' dir='ltr'>Ι</span> <span class='ocrx_word' id='word_1_208' title='bbox 545 2679 638 2738; x_wconf 76' lang='lat' dir='ltr'><strong>vocatis,</strong></span> <span class='ocrx_word' id='word_1_209' title='bbox 660 2678 755 2724; x_wconf 71' lang='lat' dir='ltr'><strong>uocandi</strong></span> <span class='ocrx_word' id='word_1_210' title='bbox 769 2694 853 2734; x_wconf 58' lang='grc' dir='ltr'><strong>οπως</strong></span> <span class='ocrx_word' id='word_1_211' title='bbox 868 2679 889 2724; x_wconf 89' lang='lat' dir='ltr'><strong>le</strong></span> <span class='ocrx_word' id='word_1_212' title='bbox 901 2677 937 2741; x_wconf 69' lang='lat' dir='ltr'><strong>gd·</strong></span> 
     </span>
    </p>

    <p class='ocr_par' dir='ltr' id='par_1_7' title="bbox 80 2738 937 3177">
     <span class='ocr_line' id='line_1_28' title="bbox 123 2738 937 2825; baseline 0.005 -46"><span class='ocrx_word' id='word_1_213' title='bbox 123 2743 145 2779; x_wconf 80' lang='lat' dir='ltr'><strong>t.</strong></span> <span class='ocrx_word' id='word_1_214' title='bbox 162 2738 272 2783; x_wconf 73' lang='lat' dir='ltr'><strong>Barbaria</strong></span> <span class='ocrx_word' id='word_1_215' title='bbox 286 2738 384 2785; x_wconf 80' lang='lat' dir='ltr'><strong>casibus.</strong></span> <span class='ocrx_word' id='word_1_216' title='bbox 397 2738 494 2785; x_wconf 84' lang='lat' dir='ltr'><strong>Ciee&#39;ron</strong></span> <span class='ocrx_word' id='word_1_217' title='bbox 519 2740 521 2825; x_wconf 57' lang='lat'><em>5</em></span> <span class='ocrx_word' id='word_1_218' title='bbox 545 2740 614 2800; x_wconf 70' lang='lat' dir='ltr'><strong>nisit,</strong></span> <span class='ocrx_word' id='word_1_219' title='bbox 637 2740 798 2802; x_wconf 76' lang='lat' dir='ltr'><strong>interrogandi</strong></span> <span class='ocrx_word' id='word_1_220' title='bbox 817 2757 900 2793; x_wconf 79' lang='lat' dir='ltr'><strong>cneus,·</strong></span> <span class='ocrx_word' id='word_1_221' title='bbox 919 2739 937 2784; x_wconf 79' lang='lat' dir='ltr'><strong>la</strong></span> 
     </span>
     <span class='ocr_line' id='line_1_29' title="bbox 88 2799 936 2862; baseline 0.007 -22"><span class='ocrx_word' id='word_1_222' title='bbox 88 2806 173 2842; x_wconf 88' lang='lat' dir='ltr'><strong>trouve</strong></span> <span class='ocrx_word' id='word_1_223' title='bbox 188 2813 234 2858; x_wconf 85' lang='lat' dir='ltr'><strong>peu</strong></span> <span class='ocrx_word' id='word_1_224' title='bbox 244 2800 347 2862; x_wconf 83' lang='lat' dir='ltr'><strong>logique,</strong></span> <span class='ocrx_word' id='word_1_225' title='bbox 377 2799 493 2860; x_wconf 83' lang='lat' dir='ltr'><strong>uisqueau</strong></span> <span class='ocrx_word' id='word_1_226' title='bbox 519 2830 521 2859; x_wconf 74' lang='lat'><em>5</em></span> <span class='ocrx_word' id='word_1_227' title='bbox 546 2801 616 2861; x_wconf 81' lang='lat' dir='ltr'><strong>datis,</strong></span> <span class='ocrx_word' id='word_1_228' title='bbox 642 2802 713 2847; x_wconf 77' lang='lat' dir='ltr'><strong>dandi</strong></span> <span class='ocrx_word' id='word_1_229' title='bbox 736 2818 816 2859; x_wconf 74' lang='lat' dir='ltr'><strong>casus5</strong></span> <span class='ocrx_word' id='word_1_230' title='bbox 835 2802 936 2848; x_wconf 79' lang='lat' dir='ltr'><strong>l&#39;aoausa·</strong></span> 
     </span>
     <span class='ocr_line' id='line_1_30' title="bbox 88 2816 936 2935; baseline 0.006 -33"><span class='ocrx_word' id='word_1_231' title='bbox 88 2858 215 2904; x_wconf 78' lang='lat' dir='ltr'><strong>nominatis</strong></span> <span class='ocrx_word' id='word_1_232' title='bbox 233 2876 264 2906; x_wconf 91' lang='lat' dir='ltr'><strong>on</strong></span> <span class='ocrx_word' id='word_1_233' title='bbox 282 2862 317 2906; x_wconf 91' lang='lat' dir='ltr'><strong>dit</strong></span> <span class='ocrx_word' id='word_1_234' title='bbox 335 2816 446 2923; x_wconf 67' lang='lat' dir='ltr'><strong>Plliyges,</strong></span> <span class='ocrx_word' id='word_1_235' title='bbox 464 2864 493 2910; x_wconf 86' lang='lat' dir='ltr'><strong>de</strong></span> <span class='ocrx_word' id='word_1_236' title='bbox 519 2868 521 2935; x_wconf 66' lang='lat' dir='ltr'><strong>l</strong></span> <span class='ocrx_word' id='word_1_237' title='bbox 545 2864 587 2920; x_wconf 78' lang='lat' dir='ltr'><strong>tif,</strong></span> <span class='ocrx_word' id='word_1_238' title='bbox 606 2865 729 2909; x_wconf 79' lang='lat' dir='ltr'><strong>accusandi</strong></span> <span class='ocrx_word' id='word_1_239' title='bbox 743 2879 818 2910; x_wconf 77' lang='lat' dir='ltr'><strong>casus.</strong></span> <span class='ocrx_word' id='word_1_240' title='bbox 833 2861 936 2921; x_wconf 69' lang='lat' dir='ltr'><strong>Quanti</strong></span> 
     </span>
     <span class='ocr_line' id='line_1_31' title="bbox 88 2922 937 3011; baseline 0.004 -45"><span class='ocrx_word' id='word_1_241' title='bbox 88 2922 214 2968; x_wconf 70' lang='lat' dir='ltr'><strong>denatura</strong></span> <span class='ocrx_word' id='word_1_242' title='bbox 224 2937 250 2968; x_wconf 87' lang='lat' dir='ltr'><strong>ee</strong></span> <span class='ocrx_word' id='word_1_243' title='bbox 260 2933 309 2967; x_wconf 87' lang='lat' dir='ltr'><strong>mot</strong></span> <span class='ocrx_word' id='word_1_244' title='bbox 318 2924 413 2969; x_wconf 83' lang='lat' dir='ltr'><strong>dansles</strong></span> <span class='ocrx_word' id='word_1_245' title='bbox 419 2935 494 2971; x_wconf 85' lang='lat' dir='ltr'><strong>autres</strong></span> <span class='ocrx_word' id='word_1_246' title='bbox 519 2942 521 3011; x_wconf 74' lang='lat'><em>5</em></span> <span class='ocrx_word' id='word_1_247' title='bbox 544 2925 645 2984; x_wconf 65' lang='lat' dir='ltr'><strong>luntatis,</strong></span> <span class='ocrx_word' id='word_1_248' title='bbox 657 2925 685 2971; x_wconf 87' lang='lat' dir='ltr'><strong>ils</strong></span> <span class='ocrx_word' id='word_1_249' title='bbox 697 2925 843 2986; x_wconf 85' lang='lat' dir='ltr'><strong>l&#39;appelaient</strong></span> <span class='ocrx_word' id='word_1_250' title='bbox 856 2925 937 2970; x_wconf 77' lang='lat' dir='ltr'><strong>latinus</strong></span> 
     </span>
     <span class='ocr_line' id='line_1_32' title="bbox 89 2983 936 3049; baseline 0.004 -20"><span class='ocrx_word' id='word_1_251' title='bbox 89 2999 138 3042; x_wconf 81' lang='lat' dir='ltr'><strong>cas,</strong></span> <span class='ocrx_word' id='word_1_252' title='bbox 157 2999 187 3029; x_wconf 87' lang='lat' dir='ltr'><strong>en</strong></span> <span class='ocrx_word' id='word_1_253' title='bbox 203 2983 236 3028; x_wconf 91' lang='lat' dir='ltr'><strong>lui</strong></span> <span class='ocrx_word' id='word_1_254' title='bbox 250 2985 355 3031; x_wconf 87' lang='lat' dir='ltr'><strong>donnant</strong></span> <span class='ocrx_word' id='word_1_255' title='bbox 372 3002 417 3033; x_wconf 84' lang='lat' dir='ltr'><strong>une</strong></span> <span class='ocrx_word' id='word_1_256' title='bbox 431 2988 491 3033; x_wconf 75' lang='lat' dir='ltr'><strong>desi·</strong></span> <span class='ocrx_word' id='word_1_257' title='bbox 544 3004 693 3048; x_wconf 81' lang='lat' dir='ltr'><strong>cnsus‚paree</strong></span> <span class='ocrx_word' id='word_1_258' title='bbox 706 3004 751 3049; x_wconf 85' lang='lat' dir='ltr'><strong>que</strong></span> <span class='ocrx_word' id='word_1_259' title='bbox 765 3003 792 3033; x_wconf 80' lang='lat' dir='ltr'><strong>cu</strong></span> <span class='ocrx_word' id='word_1_260' title='bbox 804 3002 842 3033; x_wconf 79' lang='lat' dir='ltr'><strong>ons</strong></span> <span class='ocrx_word' id='word_1_261' title='bbox 856 3002 936 3048; x_wconf 82' lang='lat' dir='ltr'><strong>appar-</strong></span> 
     </span>
     <span class='ocr_line' id='line_1_33' title="bbox 87 3045 936 3110; baseline 0.004 -19"><span class='ocrx_word' id='word_1_262' title='bbox 87 3061 160 3093; x_wconf 79' lang='lat' dir='ltr'><strong>nence</strong></span> <span class='ocrx_word' id='word_1_263' title='bbox 172 3045 277 3093; x_wconf 68' lang='lat' dir='ltr'><strong>bdtarde.</strong></span> <span class='ocrx_word' id='word_1_264' title='bbox 296 3072 326 3083; x_wconf 93' lang='lat'><em>-</em></span> <span class='ocrx_word' id='word_1_265' title='bbox 340 3049 411 3096; x_wconf 78' lang='lat' dir='ltr'><strong>Recto</strong></span> <span class='ocrx_word' id='word_1_266' title='bbox 426 3066 490 3095; x_wconf 79' lang='lat' dir='ltr'><strong>casu.</strong></span> <span class='ocrx_word' id='word_1_267' title='bbox 544 3050 602 3096; x_wconf 83' lang='lat' dir='ltr'><strong>tient</strong></span> <span class='ocrx_word' id='word_1_268' title='bbox 612 3065 639 3094; x_wconf 89' lang='lat' dir='ltr'><strong>en</strong></span> <span class='ocrx_word' id='word_1_269' title='bbox 651 3065 735 3110; x_wconf 78' lang='lat' dir='ltr'><strong>propre</strong></span> <span class='ocrx_word' id='word_1_270' title='bbox 744 3066 772 3094; x_wconf 86' lang='lat' dir='ltr'><strong>au</strong></span> <span class='ocrx_word' id='word_1_271' title='bbox 782 3048 846 3106; x_wconf 80' lang='lat' dir='ltr'><strong>latin,</strong></span> <span class='ocrx_word' id='word_1_272' title='bbox 862 3049 874 3094; x_wconf 80' lang='grc' dir='ltr'>ἰ</span> <span class='ocrx_word' id='word_1_273' title='bbox 886 3049 936 3093; x_wconf 82' lang='grc' dir='ltr'><strong>Ιέι-</strong></span> 
     </span>
     <span class='ocr_line' id='line_1_34' title="bbox 80 3109 761 3177; baseline -0.004 -21"><span class='ocrx_word' id='word_1_274' title='bbox 80 3110 116 3156; x_wconf 80' lang='lat' dir='ltr'><strong>Le</strong></span> <span class='ocrx_word' id='word_1_275' title='bbox 132 3109 265 3170; x_wconf 82' lang='lat' dir='ltr'><strong>nominatis,</strong></span> <span class='ocrx_word' id='word_1_276' title='bbox 281 3127 324 3176; x_wconf 80' lang='lat' dir='ltr'><strong>per</strong></span> <span class='ocrx_word' id='word_1_277' title='bbox 352 3112 496 3177; x_wconf 70' lang='lat' dir='ltr'><strong>oppositioni</strong></span> <span class='ocrx_word' id='word_1_278' title='bbox 547 3111 638 3159; x_wconf 77' lang='lat' dir='ltr'><strong>elusion</strong></span> <span class='ocrx_word' id='word_1_279' title='bbox 649 3111 684 3155; x_wconf 81' lang='lat' dir='ltr'><strong>du</strong></span> <span class='ocrx_word' id='word_1_280' title='bbox 697 3125 761 3172; x_wconf 64' lang='lat' dir='ltr'><strong>gree.</strong></span> 
     </span>
    </p>
   </div>
   <div class='ocr_carea' id='block_1_6' title="bbox 0 0 1048 3524">
    <p class='ocr_par' dir='ltr' id='par_1_8' title="bbox 0 0 1048 3524">
     <span class='ocr_line' id='line_1_35' title="bbox 0 0 1048 3524; baseline 0 0"><span class='ocrx_word' id='word_1_281' title='bbox 0 0 1048 3524; x_wconf 95' lang='lat' dir='ltr'><strong> </strong></span> 
     </span>
    </p>
   </div>
  </div>
 </body>
</html>
