2070 3524
94 281 138 320 ltu
453 276 586 321 ORATOR.

93 390 249 464 industria;
267 409 332 467 quae
346 389 445 449 latebit
462 390 498 448 ed
516 387 626 468 magis,
649 391 674 452 si
691 404 722 451 et
742 391 894 452 verborum
904 405 926 451 et
953 438 956 443 .

93 483 299 544 sententiarum
313 481 491 562 ponderibus
506 495 633 543 utemur.
650 487 723 543 Nam
740 483 792 561 qui
812 483 924 552 audiunt,
962 554 965 561 Ι

92 579 154 638 haec
173 581 232 637 duo
257 576 504 648 animadvertunt,
532 589 561 637 et
582 577 712 650 jucunda
737 577 793 636 sibi
817 590 925 648 censeat,
956 626 966 637 .

92 672 182 732 verba
198 671 265 729 dico
280 682 308 728 et
321 671 479 730 sententias
496 690 502 728 :
519 690 612 749 eaque
624 672 694 730 dum
709 670 816 730 animis
831 669 927 731 attenti
960 668 968 743 ᾗ

93 765 268 825 admirantes
278 763 436 842 excipiunt,
450 763 524 840 fugit
537 784 586 822 eos
604 777 633 823 et
647 765 833 843 praetervolat
845 782 927 822 nume
946 780 952 797 ·

93 877 158 933 rus;
173 860 224 936 qui
234 870 333 916 tamen
347 857 371 914 si
378 855 557 932 abesset,illa
570 857 633 937 ipsa
647 856 743 916 minus
757 859 926 917 delectarent.
962 842 971 907 ῑῖ

92 941 231 1013 Necverd
245 949 350 1009 nimius
369 950 394 1007 is
406 970 507 1009 cursus
515 963 558 1009 est
567 953 793 1026 numerorum-¹,
810 951 928 1010 orationis
976 962 979 1003 t

92 1047 157 1106 dico
174 1045 262 1123 (nam
277 1058 319 1101 est
332 1043 419 1119 longe
444 1042 528 1102 aliter
542 1043 572 1102 in
592 1043 756 1124 versibus),
767 1043 840 1102 nihil
851 1058 881 1103 ut
891 1043 929 1101 liat
968 1044 979 1127 ἦ

94 1153 175 1198 extra
201 1140 336 1210 modum;
362 1157 431 1194 nam
455 1137 486 1194 id
511 1138 629 1216 quidem
653 1151 728 1197 esset
749 1158 853 1219 poema
861 1162 870 1212 3
891 1138 929 1195 sed
964 1142 967 1147 '

93 1232 185 1290 omnis
198 1251 251 1288 nee
263 1228 439 1301 claudicans,
456 1250 510 1288 nec
526 1230 610 1308 quasi
633 1232 789 1304 fluctuans,
804 1247 834 1292 et
852 1252 930 1311 aeqna·
974 1246 979 1307 ζ

93 1325 159 1383 liter
184 1332 406 1399 constanterque
426 1323 610 1399 ingrediens,
639 1345 795 1385 numerosa
822 1326 931 1385 habetat
976 1390 979 1399 ,

93 1418 198 1478 oratio.
212 1423 308 1496 Atque
321 1415 352 1474 id
366 1417 396 1474 in
405 1417 529 1475 dicendo
542 1437 731 1476 numerosum
740 1433 871 1499 putatur,
883 1439 931 1478 uon
974 1402 979 1411 ’

93 1515 171 1591 quod
183 1526 276 1571 totum
289 1524 402 1570 constat
413 1531 429 1569 e
442 1511 586 1580 numeris,
603 1515 654 1571 sed
668 1515 748 1591 quod
763 1516 801 1573 ad
811 1533 932 1574 numeros
972 1514 979 1553 ·’

93 1607 225 1685 proxime
244 1604 370 1679 accedit3
386 1605 445 1682 quo
463 1604 550 1663 etiam
568 1605 713 1665 difficilius
731 1620 775 1666 est
796 1609 933 1668 oratione’

94 1707 148 1779 uti,
164 1709 250 1783 quam
265 1703 413 1776 versibus3
431 1702 510 1779 quod
527 1703 583 1761 illis
597 1717 676 1762 certa
687 1708 821 1782 quaedam
836 1721 865 1767 et
877 1704 935 1765 defi-

94 1799 154 1856 nita
166 1798 215 1855 lex
228 1809 282 1870 est,
302 1817 390 1873 quam
405 1797 487 1873 sequi
501 1795 538 1855 sit
556 1817 674 1858 necesse
682 1822 691 1874 ;
711 1797 879 1860 indicendo
894 1820 936 1858 au·

95 1907 153 1952 tem
171 1891 244 1950 nihil
268 1904 310 1949 est
325 1891 523 1971 propositum,
546 1890 603 1950 nisi
624 1906 657 1950 ut
678 1913 716 1951 ne
738 1893 936 1971 immoderata,

94 2001 144 2045 aut
166 1999 304 2063 angusta,
330 1997 379 2044 aut
411 1985 568 2057 dissoluta,
590 1998 641 2045 aut
670 1987 763 2045 fluens
782 1987 820 2047 sit
843 1988 936 2048 oratio.

94 2086 195 2157 Itaque
206 2099 265 2137 non
279 2077 390 2149 suntin
406 2082 440 2136 ea
450 2092 589 2157 tanquam
603 2078 712 2138 tibicini
728 2083 938 2158 percussionum
977 2112 979 2117 ·

95 2174 184 2245 modi,
198 2173 248 2231 sed
259 2173 394 2231 universa
406 2175 626 2252 comprehensio
641 2186 671 2232 et
686 2175 796 2253 species
811 2176 941 2237 orations

94 2273 192 2331 clausa
204 2286 232 2331 et
250 2271 402 2330 terminata
422 2284 483 2346 est;
508 2273 586 2348 quod
602 2271 754 2351 voluptate
769 2274 884 2332 aurium
897 2275 941 2348 ju·

94 2366 219 2426 dicatur.

135 2458 214 2516 Solet
242 2470 337 2515 autem
360 2458 463 2534 quaeri,
489 2471 586 2517 totone
605 2459 636 2516 in
658 2457 770 2517 ambitu
792 2462 943 2522 verborum

96 2552 211 2611 numeri
232 2551 349 2609 tenendi
363 2550 432 2624 sint,
444 2571 481 2607 an
496 2550 528 2608 in
541 2550 644 2631 primis
664 2551 798 2630 partibus
816 2567 904 2634 atque
918 2555 945 2614 in

96 2645 244 2706 extremis.
263 2645 396 2721 Plerique
410 2643 488 2701 enim
503 2657 621 2703 censent
637 2646 740 2704 cadere
762 2652 879 2707 tantum
898 2670 948 2708 uu·

96 2741 209 2799 merose
226 2751 376 2818 oportere,
398 2737 605 2815 terminarique
623 2740 807 2801 sententiam.
837 2746 888 2802 Est
902 2764 949 2802 au·

95 2847 166 2906 tem,
183 2846 214 2890 ut
229 2832 256 2890 id
274 2831 398 2889 maxime
417 2831 528 2905 deceat,
541 2851 601 2889 non
620 2829 651 2889 id
668 2831 780 2907 solum;
798 2837 949 2913 ponendus

98 2945 140 2990 est
152 2929 228 2987 enim
243 2929 292 2987 ille
309 2928 449 3003 ambitus,
463 2949 522 2987 non
541 2928 727 3002 abjiciendus.
747 2935 847 3006 Quare
863 2953 949 3012 quum
965 2930 979 2941 ”

131 3172 153 3209 l.
171 3163 262 3208 Nimius
282 3177 362 3207 cursus
388 3180 495 3209 nurnero-
549 3166 597 3210 dlre
612 3162 706 3226 me'nuge
725 3180 779 3210 avec
794 3180 829 3210 un
842 3168 909 3215 exues
926 3168 953 3214 de

94 3244 153 3276 rum.
166 3229 198 3274 Le
206 3239 302 3290 passage
314 3224 344 3271 de
355 3226 375 3271 la
389 3225 444 3272 voix
455 3243 498 3288 par
554 3226 615 3272 solu.

84 3305 123 3337 ces
134 3289 354 3338 nombresmlculds
363 3291 453 3337 nedoit
463 3306 507 3353 pas
593 3295 619 3334 a.
636 3287 842 3342 Oratione,pross
860 3287 970 3330 onitin«.
