2062 3510
390 175 398 192 ⁸
427 189 560 234 onaron.
874 197 918 236 uo

69 302 234 360 animorum
245 320 345 360 sensus
358 301 564 381 exprimendos
587 303 674 362 fuerit
692 317 821 382 reperta,
832 307 919 381 quam

69 394 146 452 ratio
164 413 369 468 numerorum,
396 400 482 453 causa
500 395 700 455 delectationis
714 396 845 467 aurium,
864 416 919 455 ex-

68 485 207 562 cogitata.

109 583 212 656 Itaque
228 592 257 637 et
278 580 455 653 Herodotus,
475 592 505 639 et
521 581 622 639 eadem
638 581 829 660 superiorque
850 588 943 641 aetas''.

69 692 191 731 numero
211 672 334 746 caruit¹,
349 673 404 731 nisi
421 675 539 752 quando
558 687 666 733 temere
681 694 714 732 ac
729 673 866 748 fortuitd;
890 689 919 735 et

68 765 225 845 scriptores
247 778 415 845 perveteres
435 766 472 825 de
490 786 612 824 numero
636 766 709 824 nihil
729 767 864 841 omnin0,
882 771 919 828 de

68 857 201 918 oratione
222 871 367 938 praecepta
393 860 485 917 multa
517 858 599 917 nobis
628 858 819 936 reliquerunt.
846 864 920 920 Nam

68 953 147 1029 quod
161 964 191 1011 et
205 951 316 1010 facilius
332 964 375 1011 est
388 964 417 1011 et
430 950 521 1028 magis
539 951 749 1024 necessarium,
761 951 792 1010 id
805 973 920 1033 semper
1002 974 1005 979 ·

67 1045 135 1104 ante
152 1044 347 1121 cognoscitur.
371 1049 474 1123 Itaque
496 1045 635 1103 translata
644 1046 666 1117 ²,
689 1058 740 1103 aut
760 1046 846 1119 sacta,
869 1060 919 1106 aut

63 1139 163 1211 juncta
185 1137 268 1195 facile
284 1150 350 1196 sunt
368 1136 497 1214 cognita,
519 1136 587 1214 quia
607 1137 797 1197 sumebantur
814 1159 831 1198 e
850 1160 919 1198 con·

65 1229 218 1289 suetudine
239 1229 468 1308 quotidianoque
488 1249 632 1288 sermone.
659 1235 803 1290 Numerus
822 1247 918 1292 autem

54 1318 124 1381 'non
142 1322 249 1380 domo³
268 1321 513 1402 depromebatur,
535 1342 629 1400 neque
647 1322 773 1383 habebat
792 1325 931 1403 aliquaml

63 1415 306 1475 necessitudinem
324 1428 375 1475 aut
388 1415 592 1493 cognationem
611 1436 678 1474 cum
698 1417 841 1477 oratione.
861 1410 920 1479 lta-

62 1527 122 1586 que
153 1507 246 1566 serius
277 1507 426 1590 aliquanti
458 1519 577 1566 notatus
605 1519 634 1567 et
658 1508 807 1585 cognitus,
837 1512 919 1588 quasi

63 1603 221 1680 quamdam
243 1600 425 1680 palaestramb
449 1613 478 1660 et
504 1613 634 1660 extrema
656 1601 831 1662 lineamenta
853 1624 919 1664 ora-

64 1693 138 1753 tioni
150 1693 259 1752 attulit.
278 1694 363 1768 Qubd
378 1693 402 1751 si
416 1706 445 1752 et
460 1706 583 1770 angusta
597 1697 730 1772 quaedam
744 1709 832 1774 atque
850 1719 919 1756 con-

62 1786 135 1858 cisa,
156 1799 186 1846 et
206 1786 263 1845 alia
279 1800 322 1845 est
340 1786 477 1845 collatata
498 1800 527 1846 et
545 1787 651 1847 diffusa
673 1789 777 1862 oratio,
801 1810 918 1851 necesse

61 1895 106 1941 est
121 1880 152 1939 -id
171 1901 230 1939 non
243 1880 407 1941 litterarum
425 1881 557 1941 accidere
571 1887 689 1958 natural,
704 1885 755 1943 sed
774 1883 917 1944 interval-

62 1974 159 2033 lorum
171 1973 325 2050 longorum
344 1987 373 2032 et
388 1973 521 2032 brevium
532 1975 691 2050 varietate3
704 1976 808 2054 quibus
823 1977 918 2057 impli-

62 2080 128 2127 cata
142 2081 229 2144 atque
242 2067 387 2147 permixta
407 2067 646 2145 oratioquoniam
660 2082 723 2128 tum
739 2069 848 2129 stabilis
861 2083 916 2143 est,

61 2174 124 2221 tum
136 2160 285 2234 volubilis,
307 2181 423 2220 necesse
442 2173 486 2220 est
509 2162 653 2240 ejusmodi
666 2176 800 2222 naturam
816 2184 918 2222 nume-

92 2335 116 2377 l.
126 2329 293 2377 Herodotus...
309 2345 402 2373 nurnero
420 2345 461 2373 ca-

60 2393 116 2440 ruit.
140 2390 267 2448 Quintilien
289 2406 359 2451 pense
374 2407 412 2435 sur
436 2406 462 2436 ce

59 2454 128 2515 point
145 2463 272 2499 autremcnt
285 2468 331 2512 que
346 2452 459 2499 Cicdron:

61 2534 75 2558 o
87 2517 117 2562 ln
127 2517 246 2561 Herodoto
253 2531 326 2576 quum
337 2514 415 2558 omnia
428 2514 463 2575 (ut

60 2593 133 2640 «ego
158 2577 252 2638 quidem
275 2577 363 2638 sentio)
381 2576 463 2621 leniter

61 2640 177 2703 «fluunt,
198 2650 246 2686 tum
268 2638 318 2700 ipsa
338 2640 461 2694 διάλεκτος

59 2721 74 2745 a
85 2703 159 2748 habet
175 2719 225 2748 eam
243 2701 422 2762 jucunditatem,
435 2710 462 2746 ut

59 2765 183 2810 «latentes
196 2765 263 2820 etiarn
276 2780 381 2809 numeros
396 2778 460 2808 com-

59 2845 74 2871 «
86 2827 155 2887 plexa
163 2826 275 2872 videatur.
283 2843 297 2868 »
304 2827 331 2887 (I
329 2826 461 2871 restitutions

59 2890 189 2948 oratoires,
202 2891 242 2948 tx,
259 2889 305 2948 tv.)

91 2958 116 2996 2.
137 2951 268 3007 Translata,
281 2959 336 3007 etc,
353 2948 385 2995 les
401 2958 460 2993 muts

58 3011 460 3074 metaphoriques‚lesderivdsetles

58 3076 190 3137 composcs.

88 3142 112 3182 3.
135 3141 220 3194 Domo,
246 3137 276 3183 de
299 3152 344 3184 sun
374 3150 462 3198 propre

516 2343 586 2373 sens:
603 2327 700 2373 «Domi
724 2328 794 2373 habet
815 2328 915 2376 animum

517 2408 530 2433 «
545 2389 708 2450 falsiloquum,
739 2390 803 2435 domi
830 2392 913 2450 dolos,

515 2469 529 2495 α
544 2451 607 2497 domi
623 2452 744 2498 delenifica
760 2452 835 2508 sacta,
850 2454 914 2499 domi

516 2532 527 2558 ιι
543 2514 677 2562 fallacias.»
691 2513 734 2576 (Le
745 2514 914 2577 Soldatfansa·
981 2560 984 2565 ,

495 2592 566 2632 .ron,
582 2578 617 2632 ll,
634 2591 667 2631 11,
688 2577 737 2636 36.)
755 2578 793 2622 On
806 2577 873 2622 disait
887 2580 916 2624 de

513 2639 596 2700 meme,
609 2638 673 2682 domo
681 2639 805 2700 pecuniam
817 2639 914 2698 solvere,

512 2715 584 2760 payer
595 2715 647 2745 sans
662 2709 801 2761 emprunter.

544 2768 568 2810 4.
591 2764 662 2821 Quasi
692 2761 816 2823 quamdam
840 2762 914 2824 palar-

511 2833 593 2874 stram.
619 2823 716 2870 ciceron
742 2824 840 2884 emploie
862 2825 916 2885 plus

512 2884 641 2932 hardiment
651 2900 736 2931 encore
751 2897 810 2932 cette
821 2901 915 2947 expres·

512 2948 563 2992 sion
582 2964 611 2993 en
624 2949 717 3007 pariant
738 2948 767 2994 de
787 2947 915 2994 l'historlen

512 3010 632 3070 Antipater
655 3028 662 3056 t
694 3029 707 3053 (ε
737 3011 824 3055 Habuit
856 3011 915 3056 vires

512 3088 527 3115 c
540 3080 639 3134 agrestes
659 3072 703 3118 ille
730 3073 830 3132 quidem
848 3080 923 3126 saepe

518 3153 535 3181 α
545 3133 737 3198 borridasff'uie
753 3132 838 3176 ditum
855 3143 886 3169 ae
891 3141 940 3182 w

47 3199 126 3244 fonds.
140 3200 224 3244 Planta
233 3199 269 3245 dit
281 3200 342 3247 dans
353 3201 378 3248 lc
387 3201 466 3248 mima
524 3217 541 3245 α
551 3197 645 3248 lustri.
659 3216 675 3241 u
