2070 3524
94 161 123 201 tt
452 157 586 206 ORATOR

94 272 246 330 traduntur
269 282 331 329 arte
354 272 480 350 quddam
500 272 592 332 verba
615 271 752 344 vinxisse,
775 272 946 333 'lirendorus

93 376 189 423 autem
203 364 393 443 praefractior,
409 384 463 424 nec
477 362 556 438 satis,
569 377 602 424 ut
618 365 658 424 ita
669 365 776 439 dicam,
789 367 945 438 rotundus,

93 458 203 537 primus
213 456 338 515 instituit
349 456 470 516 dilatare
481 457 576 517 verbis
588 471 616 516 et
626 457 805 517 mollioribus
816 459 946 519 numeris

94 551 211 631 explere
232 551 397 610 sententias.
420 555 454 608 In
477 571 536 629 quo
559 571 649 630 quum
671 552 788 609 doceret
811 570 874 622 eos,
897 554 947 630 qui

45 711 49 719 ⁴
94 642 252 724 partimin
279 643 421 724 dicendo,
440 643 547 723 partim
568 644 598 702 in
621 644 774 703 scribendo
799 644 947 724 principes
976 706 980 712 ,

94 737 277 811 exstiterunt,
286 736 390 795 domus
402 735 463 816 ejus
474 736 694 795 officinahabita
708 737 880 814 eloquentiae
891 751 944 801 est.

94 836 196 909 Itaque
214 842 247 889 ut
268 850 334 907 ego,
350 850 439 907 quum
457 850 475 887 a
492 842 591 888 nostro
609 833 717 889 Catone
734 828 886 901 laudabar,
901 830 945 890 vel

95 924 270 1002 reprehendi
284 942 329 980 me
345 941 362 980 a
379 921 481 980 ceteris
496 920 578 979 facile
594 921 736 1001 patiebar,
751 922 791 981 sic
804 927 946 983 Isocrates

96 1012 945 1094 videturtestimonioPlatonisaliorumjudiciadebereoon-

95 1121 234 1166 temnere.
248 1110 298 1165 Est
311 1105 404 1180 enim,
418 1118 452 1163 ut
471 1105 537 1176 scis,
556 1106 637 1185 quasi
650 1107 682 1164 in
698 1113 827 1166 extremi
841 1107 945 1188 pagini

95 1199 209 1258 Phaedri
221 1198 267 1258 his
281 1198 352 1278 ipsis
369 1198 464 1257 verbis
483 1198 604 1277 loquens
618 1201 750 1258 Socrates
768 1222 775 1260 t
793 1226 807 1255 α
825 1201 946 1260 Adoles·

96 1314 163 1353 cens
176 1291 264 1352 etiam
280 1313 373 1364 nunc,
389 1313 408 1352 o
423 1292 556 1367 Phaedre,
573 1297 713 1352 Isocrates
731 1305 787 1366 est3
806 1295 858 1353 sed
876 1293 947 1373 quid

96 1388 132 1446 de
151 1386 201 1445 illo
222 1406 361 1464 augurer,
381 1386 461 1445 lubet
476 1385 583 1446 dicere.
607 1384 684 1460 Quid
702 1386 836 1445 tandem?
852 1387 947 1468 inquit

97 1480 157 1542 ille.
170 1481 281 1555 Majore
295 1479 366 1539 mihi
383 1479 500 1557 ingenio
512 1479 627 1538 videtur
641 1499 717 1556 esse,
736 1481 823 1557 quim
837 1493 870 1538 ut
880 1500 946 1540 cum

96 1571 275 1632 orationibus
289 1572 380 1649 Lysiae
392 1585 584 1651 comparetur.
605 1576 747 1630 Praeterea
761 1574 798 1630 ad
811 1571 945 1633 virtutem

97 1665 189 1737 major
211 1663 341 1737 indoles,
362 1675 394 1721 ut
413 1663 530 1721 minime
553 1662 659 1720 mirum
683 1663 810 1719 futurum
834 1663 887 1739 sit,
911 1667 945 1737 si,

96 1776 185 1836 quum
194 1767 276 1814 aetate
290 1753 473 1834 processerit,
486 1754 637 1813 autiuhoc
649 1753 813 1810 orationum
826 1774 946 1833 genere,

96 1848 142 1909 cui
157 1869 236 1907 nunc
256 1848 367 1921 studet,
386 1849 512 1920 tantum,
532 1848 671 1924 quantum
693 1843 806 1923 pueris,
828 1846 949 1925 reliquis

96 1952 211 2021 praestet
230 1937 375 2011 omnibus,
391 1938 441 2015 qui
460 1951 589 2014 unquam
608 1936 754 1994 orationes
771 1937 945 2014 attigerunt3

96 2045 155 2106 aut,
169 2032 193 2090 si
206 2029 357 2090 contentus
372 2030 417 2089 his
435 2051 494 2089 uon
513 2030 610 2101 fuerit,
626 2028 724 2088 divino
741 2029 839 2108 aliquo
859 2033 948 2092 animi

96 2136 176 2184 motu
189 2124 301 2198 majora
313 2124 506 2204 concupiscat.
523 2129 602 2182 Inest
615 2122 691 2182 enim
704 2127 808 2182 nature
820 2125 947 2203 philoso-

96 2218 164 2298 phia
180 2217 210 2276 in
228 2216 314 2298 hujus
327 2217 381 2276 viri
394 2230 488 2277 mente
502 2219 645 2296 quaedam.
660 2241 673 2269 >2
691 2220 760 2275 Haec
778 2219 815 2275 de
833 2219 946 2278 adoles-

97 2324 180 2370 cente
201 2314 333 2369 Socrates
357 2322 526 2388 auguratur.
549 2315 587 2367 At
608 2329 642 2368 ea
662 2309 698 2368 de
720 2309 834 2368 seniore
851 2311 947 2370 scribit

97 2387 190 2480 Plato,
213 2415 242 2461 et
258 2401 358 2461 scribit
378 2403 513 2480 aequaiis3
533 2415 562 2461 et
575 2402 692 2480 quidem
710 2404 872 2480 exagitator
888 2424 947 2463 om·

97 2496 179 2554 nium
195 2495 355 2568 rhetorum,
373 2495 451 2553 hunc
468 2495 590 2554 miratur
602 2516 703 2554 unum.
716 2499 763 2554 Me
779 2508 886 2568 autem,
899 2496 948 2575 qui

98 2595 255 2648 Isocratem
276 2608 336 2647 non
357 2586 491 2665 diligunt,
516 2591 574 2647 uua
599 2609 664 2647 cum
687 2592 806 2648 Socrate
831 2602 947 2649 etcum

98 2681 236 2740 Platone¹
268 2701 366 2740 errare
393 2681 550 2761 patiantur.
579 2682 670 2741 Dulce
695 2681 784 2759 igitur
813 2681 948 2742 orationis

130 2928 153 2969 t.
171 2919 283 2966 Undcum
296 2923 389 2965 Socrate
403 2930 427 2966 et
440 2920 497 2968 Pla-
551 2920 584 2965 lei
604 2921 724 2966 tendnnces
747 2919 777 2964 de
795 2928 855 2966 oetto
880 2920 948 2968 c'eote.

98 2994 158 3028 tone.
170 2981 267 3028 ciceron
279 2982 352 3026 unrait
361 2998 393 3042 pu
406 2998 496 3042 serup-
552 2976 651 3028 Aristote
680 2981 740 3026 allait
766 2982 838 3028 meme
860 2982 950 3043 jusqu'i

99 3047 161 3105 peter
175 3045 246 3105 qu’un
260 3044 433 3104 contemporain
446 3046 497 3091 d’1-
551 3043 671 3104 perodio,
696 3043 793 3097 dit-on,
810 3043 824 3088 i
845 3043 951 3089 l’adresre

98 3115 196 3171 socrate,
215 3107 285 3172 digne
298 3106 354 3152 rival
368 3107 397 3154 de
408 3107 496 3166 Platon,
551 3106 686 3164 d'Isocrate,
694 3119 777 3150 nevers
788 3105 819 3149 du
824 3104 951 3151 Philoctete

79 3169 268 3227 jugeritavecla
281 3169 390 3220 deruiire
401 3169 500 3219 reveriti
556 3166 695 3229 &Euripide
712 3183 722 3214 t
737 3183 752 3209 a
765 3165 792 3210 ii
805 3165 963 3208 estuantem
