2070 3524
453 204 583 252 ORATOR.
914 209 942 248 οἳ

39 322 45 331 ’
87 324 138 383 ilia
154 323 218 382 sine
231 320 276 379 his
294 339 354 378 non
373 333 482 399 potest.
505 326 550 380 Me
570 334 666 381 autem
683 322 744 381 sive
757 320 937 401 pervagatis·

86 420 179 479 simus
192 417 241 475 ille
258 435 371 485 versus,
383 416 531 492 quiverat,

179 564 271 614 Artem
282 559 382 632 pudere
395 560 530 631 proloqui,
544 578 623 630 quam
636 560 745 626 iactites,

35 718 38 723 ·
94 698 271 765 dissimulare
284 717 343 756 non
357 696 435 770 sinit,
452 697 522 773 quin
541 697 688 771 delecter3
704 699 763 757 sive
783 712 865 758 tunm
883 714 942 759 stu·

88 794 170 854 dium
184 794 241 851 hoc
254 813 272 850 a
285 811 331 849 me
345 790 480 848 volumen
492 791 635 869 expressit
651 813 659 850 r
681 803 778 850 tamen
796 795 849 866 eis,
869 814 943 870 quos

89 885 202 965 aliquid
238 885 467 964 reprehensuros
499 883 678 963 suspicabar,
710 885 942 963 respondendum

36 998 45 1053 ζ
88 980 154 1039 fuit.
168 979 252 1054 Qodd
264 981 287 1036 si
299 999 344 1050 ea,
361 997 425 1054 quae
438 976 510 1049 dixi,
522 977 633 1036 nonita
645 990 750 1050 essent,
766 979 830 1055 quis
845 991 942 1038 tamen

89 1087 191 1132 setam
205 1070 311 1129 durum
328 1081 529 1147 agrestemque
543 1069 695 1149 praeheret,
714 1071 763 1147 qui
779 1071 853 1130 hanc
871 1074 941 1132 mihi

88 1185 148 1224 non
161 1166 243 1223 daret
256 1162 379 1235 veniam,
404 1174 447 1235 ut,
474 1182 564 1241 quum
578 1182 648 1220 meae
674 1161 804 1222 forenses
822 1177 899 1223 artes
912 1177 942 1223 et

88 1258 216 1318 actiones
229 1255 351 1336 publicae
364 1254 554 1313 concidissent
567 1255 590 1327 ¹,
610 1275 669 1312 non
683 1276 729 1313 me
746 1269 796 1314 aut
809 1257 940 1329 desidiae,

88 1352 168 1429 quod
182 1350 277 1408 facere
291 1368 351 1406 non
369 1368 499 1428 possum,
524 1359 574 1405 aut
588 1347 745 1419 moestitiae,
761 1348 807 1406 cui
826 1351 938 1421 resisto,

87 1443 185 1523 potius
196 1443 284 1521 qudm
298 1440 401 1500 litteris
414 1440 570 1498 dederem?
581 1459 645 1518 quae
657 1439 775 1519 quidem
795 1461 840 1500 me
857 1453 940 1500 antea

86 1537 117 1594 in
132 1534 240 1610 judicia
265 1547 350 1610 atque
375 1534 533 1592 incuriam
553 1532 745 1605 deducebant,
769 1554 845 1592 nnnc
861 1535 941 1593 oble·

54 1675 60 1681 .
87 1641 167 1688 ctant
180 1627 270 1689 domi.
287 1630 348 1686 Nec
364 1627 434 1686 vero
448 1626 552 1685 talibus
567 1627 654 1685 modd
669 1626 767 1698 rebus,
782 1628 882 1706 quales
892 1628 939 1686 hic

86 1722 163 1781 liber
173 1721 312 1791 continet,
328 1722 379 1778 sed
390 1720 481 1778 multo
496 1718 583 1778 etiam
603 1719 785 1796 gravioribus
802 1733 832 1779 et
845 1721 938 1794 majo-

87 1815 185 1888 ribus;
212 1834 275 1892 qnae
294 1812 318 1872 si
337 1826 422 1872 crunt
442 1811 596 1891 perfectae,
618 1814 750 1893 profecto
777 1814 939 1872 forensibus

48 1954 58 1967 .
86 1907 193 1967 nostris
206 1907 291 1965 rebus
300 1906 387 1966 etiam
400 1905 564 1964 domesticae
576 1905 698 1964 litterae’
710 1906 937 1984 respondebunt.

87 2000 143 2061 Sed
157 2002 195 2059 ad
206 1999 365 2058 institutam
379 1997 603 2079 disputationem
619 2012 809 2059 revertamur.

118 2237 142 2276 t.
165 2232 239 2288 Quum
253 2246 307 2275 mere
317 2230 425 2291 forenses
442 2246 484 2275 ur-

85 2301 160 2340 tam...
170 2291 328 2348 concidissent,
342 2292 486 2353 aujourd’hui

85 2368 131 2415 que
154 2354 177 2399 lo
204 2354 308 2414 pratique
334 2355 366 2398 du
392 2354 486 2400 barrenu

84 2425 108 2462 et
130 2415 152 2460 lu
178 2415 215 2462 vie
240 2416 350 2477 publique
371 2432 408 2462 me
434 2427 486 2462 sont

537 2231 629 2277 derivuit
640 2247 674 2277 ses
686 2231 848 2293 Philippiqueq
860 2241 882 2277 et
892 2233 938 2278 ruti·

537 2294 599 2339 ritnit
608 2294 630 2338 la
643 2303 704 2339 mort
718 2293 830 2366 glorieuse
845 2309 890 2354 que
905 2294 938 2339 lui

537 2355 765 2416 praiparaitrintome.

570 2425 592 2465 2.
609 2419 745 2464 Domestica
763 2419 852 2466 littero.
872 2418 936 2464 Cice-

84 2476 213 2526 interditns.
238 2478 334 2525 ciceron
356 2477 432 2523 devait
450 2494 487 2524 ce-

84 2540 196 2600 pendant,
207 2541 229 2585 la
241 2541 313 2586 meme
324 2540 395 2585 eunde
410 2540 484 2600 (707),

83 2611 213 2663 remporter
223 2619 252 2648 uu
263 2603 356 2648 barreuu
365 2616 408 2647 une
414 2602 442 2647 de
452 2618 485 2647 ses

87 2665 138 2725 pius
150 2662 221 2710 bellas
240 2665 361 2719 victoires;
376 2665 486 2724 quelques

84 2725 144 2773 mois
167 2726 233 2785 apris
249 2727 271 2771 la
288 2726 441 2786 composition
456 2727 486 2772 de

84 2787 195 2848 i’Orutor‚
208 2787 225 2833 il
235 2788 329 2850 pluiduit
339 2804 368 2834 en
379 2789 486 2848 presence

85 2850 114 2899 do
129 2849 198 2895 cesar
214 2850 236 2895 lu
253 2866 318 2896 cause
337 2851 366 2896 de
382 2850 485 2912 Ligarius

83 2921 107 2959 et
125 2910 199 2957 iaisait
214 2913 304 2958 tumber
319 2913 359 2957 des
372 2913 443 2957 mains
454 2914 485 2957 du

83 2973 197 3020 dictateur
208 2973 273 3020 irritd
283 2975 359 3019 l'urret
373 2974 414 3035 qui
428 2990 484 3020 con-

82 3035 186 3082 dnmnnit
199 3051 241 3083 son
259 3036 311 3083 ami.
338 3039 370 3083 Le
384 3036 486 3082 discours

537 2495 581 2524 ron
596 2479 641 2525 tint
656 2480 752 2541 parole;
767 2480 844 2526 reduit
859 2497 887 2526 au
905 2480 937 2525 si-

538 2542 601 2586 lence
611 2557 652 2602 pur
663 2543 685 2587 le
695 2541 810 2602 triumphe
819 2544 848 2588 de
860 2543 935 2601 Cisar,

538 2613 561 2648 et
576 2620 617 2664 par
641 2605 672 2649 les
692 2619 784 2666 guerr-es
804 2604 881 2649 civiles
896 2604 937 2664 qni

538 2665 648 2711 suivirent
661 2667 682 2710 la
694 2676 754 2710 mort
769 2667 800 2711 dn
816 2666 935 2726 dietatem,

538 2727 554 2771 il
567 2738 602 2772 sut
621 2743 719 2787 occuper
738 2742 772 2773 ses
794 2729 937 2774 doulonrenx

537 2789 614 2834 loisirs
635 2789 648 2834 ai
671 2791 712 2835 des
738 2800 831 2835 travaux
853 2806 899 2851 qne
915 2790 937 2836 la

538 2850 647 2912 poste'rite
657 2851 744 2898 admire
755 2867 836 2898 encore
847 2855 937 2912 aujour-

539 2913 612 2960 d’hui.
627 2915 664 2959 En
678 2920 724 2960 708
739 2914 893 2976 ilcomposait
903 2915 937 2960 les

538 2977 706 3037 Academiques
726 2986 749 3022 ct
770 2977 792 3022 le
807 2977 874 3023 truite
897 2976 937 3021 des

543 3041 568 3085 V
565 3039 612 3083 rais
620 3039 682 3082 biens
689 3049 711 3083 et
720 3038 759 3084 des
767 3043 792 3087 V
791 3041 840 3084 ruis
852 3053 934 3096 rituum

540 3114 569 3146 en
580 3107 638 3157 709,
646 3100 682 3146 ies
693 3100 836 3146 Tusculanos
841 3099 945 3157 ‚temdu-

80 3160 157 3207 ΝΜ
171 3158 269 3219 bpuqne.
291 3162 358 3207 Deux
376 3177 418 3208 uns
435 3161 489 3224 plus
543 3163 579 3211 ets
592 3162 622 3211 de
633 3162 659 3210 ῑα
677 3165 697 3212 V
698 3161 802 3208 tottam
814 3158 861 3214 ,de
868 3159 900 3201 to
907 3158 961 3221 itu-

74 3219 134 3274 md,
146 3234 176 3264 ev
189 3225 235 3268 709
242 3230 266 3267 et
275 3235 305 3269 en
318 3228 374 3284 710,
387 3225 491 3276 eictrou
550 3237 605 3276 tur·
619 3227 663 3274 dea
677 3226 776 3282 Dieuc,
786 3221 815 3266 de
829 3218 863 3263 iu
873 3217 981 3261 bierun-

80 3113 141 3160 μου
162 3098 293 3144 Marcellus
310 3108 414 3144 remonte
432 3098 445 3143 a
464 3099 486 3143 la
