2070 3524
430 210 563 257 ORATOR.
891 216 921 256 95

10 316 38 385 i·
110 323 189 382 Nolo
200 335 260 382 tam
274 323 383 383 minuta
405 323 466 382 haec
483 323 659 382 constructio
678 335 817 402 appareat
837 345 844 382 r
871 327 922 382 sed

10 462 23 501 ‚
71 430 168 475 tumen
182 415 264 484 stilus
278 417 450 475 exercitatus
462 416 565 475 efficiet
578 417 661 474 facile
671 416 746 474 hanc
757 416 833 473 viam
845 435 923 474 com-

10 524 26 595 't
69 509 211 589 ponendi.
232 512 305 568 Nam
319 522 352 567 ut
368 510 400 567 in
426 509 549 588 legendo
574 509 683 581 oculus,
714 508 754 566 sic
768 508 879 566 animus
891 510 922 566 in

10 620 21 687 s:
69 602 195 661 dicendo
217 601 385 681 prospiciet,
407 603 478 680 quid
494 613 639 678 sequatur,
664 620 701 658 nc
728 614 922 660 extremorum

10 692 23 745 ;''
70 695 230 753 verborum
251 715 317 754 cum
338 694 555 772 insequentibus
572 695 673 772 primis
695 715 852 753 concursus
873 708 924 754 aut

20 820 24 827 ·
68 786 184 847 hiulcas
208 808 294 846 voces
320 788 435 858 efficiat,
464 799 514 846 aut
538 807 667 866 asperas.
684 788 819 861 Quemvis
847 787 921 845 cuim

10 904 22 961 '.·
71 900 176 941 suaves
187 902 324 960 gravesve
338 881 496 955 sententiae,
511 893 616 950 tamen,
630 880 654 938 si
661 879 815 939 inconditis
826 880 923 939 verbis

12 966 20 1005 ’-
71 973 242 1048 efferuntur,
258 973 407 1033 offendent
419 994 503 1032 aures
515 997 523 1048 3
538 994 661 1052 quarum
673 986 716 1032 est
726 974 866 1048 judicium
877 994 922 1032 su·

14 1128 18 1133 ,
71 1066 287 1147 perbissimum.
304 1069 392 1147 Quod¹
406 1067 523 1146 quidem
534 1066 635 1125 Latina
655 1066 754 1148 lingua
766 1066 920 1134 sicobser·

71 1171 132 1235 rat,
146 1179 232 1233 neruo
245 1171 278 1218 ut
291 1172 350 1218 tum
367 1161 489 1218 rusticus
504 1160 551 1230 sit,
567 1159 617 1236 qui
634 1160 749 1218 vocales
763 1160 836 1219 nolit
853 1180 922 1218 cou-

69 1252 192 1331 jungere
209 1251 235 1312 ¹.
274 1257 307 1310 Iu
347 1272 405 1330 quo
439 1252 556 1330 quidam
591 1253 677 1311 etiam
705 1253 923 1333 Theopompum

73 1492 88 1519 rr
100 1477 165 1534 Quos
176 1475 236 1522 eudo
245 1475 302 1522 coelo
313 1475 394 1522 merito
403 1490 471 1522 vocu-

72 1556 87 1581 α
100 1537 184 1584 verint.
200 1559 211 1581 u
230 1538 343 1599 (ciceron,
355 1539 395 1583 des
406 1541 470 1598 Loir,

73 1601 108 1659 Il,
123 1600 189 1662 vm.)
202 1625 232 1637 ·-
251 1601 419 1660 Vermiculuto‚
443 1616 473 1646 en

72 1660 146 1708 forme
155 1663 185 1709 de
195 1677 243 1710 ver.
256 1662 320 1708 Pliue
334 1663 369 1708 dit
380 1664 436 1707 daus
451 1663 471 1708 le

71 1725 144 1770 rueme
155 1738 223 1770 sens:
244 1743 257 1768 ι
271 1725 427 1770 vermiculatis
442 1726 471 1769 ud

72 1805 87 1830 ι
99 1785 188 1848 effigies
207 1801 284 1832 rerum
301 1796 324 1832 et
342 1786 471 1831 animalium

72 1847 188 1894 «crustis.
202 1866 215 1890 n
227 1850 328 1909 (XXXV,
340 1849 400 1908 r,t.)
412 1849 471 1894 C'est

71 1924 98 1956 ce
109 1925 154 1970 que
168 1925 226 1955 nous
241 1911 352 1970 appelous
367 1911 407 1956 des
419 1927 470 1955 mo·

71 1975 171 2032 iniquos.

106 2034 130 2080 l.
151 2031 251 2081 Venales
268 2032 415 2094 conjungere,
432 2033 472 2079 tli-

71 2096 114 2141 der
135 2095 168 2140 les
192 2094 291 2154 royeiles
315 2111 374 2156 pour
400 2095 472 2141 evitet

17 2176 20 2181 ·
70 2157 170 2202 l'hiutus.
194 2156 309 2217 Quelques
327 2156 401 2219 lignes
421 2158 472 2218 plus

70 2219 134 2277 loin,
157 2233 216 2263 noue
237 2217 327 2264 litoris:
346 2219 472 2264 distrahere

71 2280 169 2339 vocales,
186 2294 217 2326 ue
230 2295 272 2340 pus
288 2279 470 2326 eviterl'hiatus.

71 2345 171 2390 -Cette
182 2341 288 2402 question
299 2344 327 2387 de
339 2343 360 2387 ln
370 2359 472 2403 pronon·

71 2403 159 2450 eiation
174 2405 229 2448 chen
248 2403 280 2448 les
295 2405 365 2449 Grecs
378 2413 402 2449 et
416 2405 472 2450 chez

71 2466 103 2513 les
125 2465 244 2525 Romaim,
265 2475 348 2511 restem
369 2469 473 2527 toujours

70 2544 132 2589 pour
146 2529 179 2575 ies
192 2528 313 2572 modernes
325 2544 370 2572 une
383 2529 473 2589 inigme

71 2588 167 2636 difficile
180 2589 194 2635 it
205 2588 321 2634 risondre.
335 2592 420 2635 Tantot
431 2591 471 2636 l'e-

70 2651 141 2699 lision
150 2650 205 2697 tuit
215 2650 317 2709 tranche,
330 2661 352 2695 et
363 2653 384 2695 lu
397 2652 471 2713 lettre,

69 2713 474 2836 tttt'ttttttttttu‘ittt]

70 2836 177 2896 elidere).
185 2839 269 2883 Tantot
278 2839 300 2881 lu
310 2838 374 2883 lettre
383 2839 473 2884 demeu-

69 2900 116 2944 ruit
127 2898 206 2958 ecrite,
219 2899 275 2943 mnis
289 2900 353 2944 onia
367 2916 473 2960 pronon-

70 2961 116 3026 qnit
135 2961 245 3023 ipsine,
267 2971 290 3007 et
311 2961 352 3006 etle
371 2963 474 3007 sembieit

74 3039 162 3069 nomme
181 3039 206 3068 ee
221 3025 304 3083 perdre
319 3024 375 3068 dans
393 3025 414 3069 le
431 3040 473 3069 son

70 3087 137 3131 delu
157 3086 244 3145 voyelle
258 3085 361 3131 suivanto
378 3085 472 3146 (συναί-

70 3164 150 3220 peptc,
166 3147 316 3209 conplexi&
334 3147 392 3195 ainsi
405 3166 411 3196 ε
418 3148 474 3212 flu·

65 3209 137 3255 mair
154 3207 236 3265 alam
244 3208 372 3272 ferreique
391 3215 478 3261 Eume·

523 1476 602 1521 nidum
614 1475 719 1522 thalami.
733 1477 819 1521 Tuutot
830 1474 892 1520 enfin
902 1475 923 1521 iu

524 1539 628 1585 derniere
650 1539 736 1598 syllnbe
757 1539 813 1582 rl'un
832 1547 882 1582 mot
900 1554 923 1584 se

523 1601 658 1647 conionduit
668 1616 722 1646 aree
734 1599 756 1644 le
771 1608 820 1644 mot
833 1600 924 1645 suivant

527 1663 670 1725 (συναλοιφή
683 1698 690 1720 ,
724 1662 904 1723 conglutinatio)
915 1681 922 1721 ς

523 1725 580 1769 ainsi
593 1744 598 1772 :
616 1727 746 1769 Conticuere
759 1740 835 1768 omnes
848 1726 923 1769 intert-

524 1789 585 1848 tique
595 1803 637 1832 ora
649 1786 762 1832 tenebant.
774 1785 923 1846 Quelqueiois

524 1851 594 1894 merus
617 1863 662 1894 une
681 1863 799 1893 consoune
818 1848 924 1892 subissait

523 1921 559 1956 cet
578 1910 733 1956 eiiacement:
754 1927 768 1951 u
783 1910 867 1954 Eadem
884 1909 922 1955 illu
963 1944 965 1948 -

525 1994 536 2016 n
551 1970 782 2034 ·litteratn1)‚quoties
794 1972 921 2026 ultimum,

524 2054 537 2078 u
554 2045 577 2081 et
597 2036 698 2080 vocalem
722 2033 787 2079 verbi
811 2034 923 2093 sequentis

524 2117 537 2140 κ
552 2097 584 2141 itu
594 2096 718 2159 contingit,
730 2105 757 2139 ut
767 2094 792 2139 in
802 2110 852 2140 enm
862 2105 924 2141 trau·

525 2177 537 2200 r<
554 2159 597 2203 sire
607 2159 693 2218 possit,
706 2157 794 2202 etiamsi
808 2158 922 2215 scribitur,

526 2238 539 2261 u
554 2229 630 2264 tumen
639 2220 719 2278 parmn
730 2219 876 2279 exprimitur3
889 2229 923 2276 ut,

525 2299 538 2323 (ι
555 2281 658 2326 Multum
665 2280 706 2325 tlte
712 2290 735 2325 et
743 2284 922 2341 Quantumerut,

525 2361 538 2385 α
555 2344 613 2388 odei>
624 2353 648 2388 ut
661 2357 725 2402 paeue
734 2342 851 2401 cujusdam
861 2358 925 2388 nooae

526 2423 540 2448 α
555 2405 634 2450 litterae
650 2420 731 2450 sonum
745 2404 834 2462 reddpt.
846 2407 925 2465 Neque

526 2485 540 2510 «
557 2467 618 2512 enim
629 2466 742 2528 eximitur,
758 2468 797 2511 seri
813 2467 924 2512 obscura-

526 2548 540 2572 «
556 2539 602 2588 tur,
624 2539 647 2575 et
665 2529 754 2574 tuntum
771 2529 847 2589 aliqua
866 2530 924 2575 inter

527 2610 540 2633 ι(
557 2593 613 2636 duas
627 2590 716 2636 vocales
730 2590 792 2634 velut
809 2600 865 2636 nota
882 2601 924 2644 est,

528 2673 540 2695 u
557 2669 587 2698 ne
602 2655 656 2713 ipsae
674 2660 763 2698 coeant.
782 2671 796 2695 n
822 2651 925 2714 (Quinti-

526 2715 579 2773 iien,
598 2718 641 2775 lx,
658 2730 690 2774 rr,
711 2715 760 2773 ⁴0).
777 2716 840 2760 Nous
856 2713 926 2759 iisous

526 2792 607 2822 encore
616 2779 672 2822 duns
681 2778 713 2821 les
722 2777 870 2821 Institutione
876 2793 926 2821 ora·

526 2842 603 2900 toires,
622 2842 661 2897 IX,
678 2854 710 2898 lv,
727 2845 754 2881 36
769 2854 776 2887 2
797 2857 810 2881 u
828 2841 859 2884 At
875 2841 926 2884 De-

527 2919 541 2943 «
557 2902 685 2946 mosthenes
703 2908 725 2946 et
741 2899 821 2946 Cicero
837 2901 926 2946 modice

528 2982 541 3005 u
557 2973 703 3023 respexerunt
717 2963 747 3007 ud
762 2963 822 3008 hunc
840 2973 925 3022 partem

527 3044 541 3068 r<
560 3024 606 3085 (ad
630 3041 763 3069 coneursum
788 3026 924 3087 vocalium).

529 3106 543 3130 α
558 3089 616 3133 uam
626 3096 649 3134 et
657 3096 765 3132 coeuntes
772 3086 934 3131 littermet'mm

532 3170 545 3193 ι(
558 3149 678 3197 ieuiorem
693 3147 787 3194 iuo'nuut
805 3145 954 3192 ouationem„

537 3234 552 3259 u
567 3213 676 3277 quitrnsi
684 3199 973 3257 omniunmuuuoim
