2062 3510
85 250 117 291 6⁰
440 247 574 293 ORATOR.

86 361 176 421 multa
198 362 285 421 etiam
305 360 615 433 sententiarum31atae
636 361 816 441 crudamque
837 361 929 443 dispu-

87 456 209 514 tationes
220 455 257 513 ab
268 456 369 515 eodem
380 454 573 533 explicantur,
587 467 616 513 et
626 454 684 514 loci
696 476 868 517 communes
877 456 931 515 sini

86 548 271 608 contentione
284 548 432 607 dicuntur.
448 548 524 622 Quid
542 547 649 607 multa?
663 569 679 609 e
697 532 930 631 philosophorum

86 641 194 700 scholis
207 641 280 700 tales
293 641 354 700 lere
372 643 515 714 evadunt3
530 654 575 712 et,
592 641 648 700 nisi
662 644 765 703 coram
784 643 841 703 erit
857 664 931 703 com·

85 747 203 813 paratus
221 734 270 794 ille
289 735 402 806 fortior,
422 756 476 815 per
494 755 525 793 se
539 735 598 809 hic,
618 755 706 814 quem
728 737 814 809 dico,
829 736 928 817 proba·
968 726 973 735 ¹

85 826 174 888 bitur.
196 832 245 887 Est
263 828 341 887 enim
366 830 512 908 quoddam
532 828 618 886 etiam
642 827 757 907 insigne
782 842 813 889 et
834 827 932 889 florens

86 922 236 994 orationis,
249 922 358 1001 pictum
374 934 403 981 et
418 921 575 1000 expolitum
590 941 694 999 genus,
712 921 744 980 in
761 944 823 1003 quo
840 944 932 983 omncs
974 964 980 1007 3

87 1016 257 1088 verborum,
285 1035 385 1074 omnes
406 1014 614 1073 sententiarum
636 1013 787 1092 illigantur
813 1018 930 1098 lepores.
977 1012 980 1073 ἶ

87 1112 149 1166 Hoc
161 1121 252 1167 totum
268 1127 283 1164 e
298 1107 489 1186 sophistarum
505 1107 632 1165 lontibus
647 1105 771 1167 defluxit
782 1107 815 1167 in
829 1111 931 1185 lomm3

87 1204 138 1261 sed
151 1214 280 1281 spretum
291 1221 309 1259 a
323 1200 485 1270 subtilibus,
499 1200 645 1277 repulsum
657 1221 675 1259 a
688 1201 840 1279 gravibus,
852 1204 884 1263 iu
892 1206 930 1278 el,

86 1297 122 1354 de
135 1301 193 1374 qua
207 1294 322 1373 loquor,
337 1293 536 1354 mediocritate
551 1294 693 1354 consedit.

387 1537 432 1588 Du
444 1535 509 1608 style
522 1535 644 1589 sublime.

127 1720 192 1775 XV.
203 1714 316 1773 Tertius
326 1726 369 1773 est
379 1713 427 1771 ille
439 1714 564 1794 amplus,
576 1711 719 1792 copiosus,
732 1716 843 1790 gravis,
856 1738 935 1777 orna·

88 1820 145 1882 tus,
166 1808 196 1865 in
215 1827 272 1886 quo
288 1803 418 1886 proiecti)
434 1807 477 1864 vis
491 1807 614 1864 maxima
634 1818 687 1864 est.
710 1807 767 1864 Hic
787 1821 833 1867 est
850 1810 935 1881 enim,

87 1899 170 1980 cujus
187 1912 321 1959 ornatum
345 1898 459 1956 dicendi
480 1913 507 1957 et
530 1900 642 1979 copiam
666 1899 817 1961 admiratae
841 1918 937 1982 gentes

88 1992 283 2072 eloquentiam
305 1993 336 2049 in
358 1991 521 2050 civitatibus
544 1993 701 2073 plurimlrm
727 1993 826 2053 valere
849 2017 937 2076 passa

88 2100 155 2144 sunt
168 2109 175 2145 :
190 2088 241 2145 sed
254 2085 330 2144 hanc
344 2084 550 2164 eloquentiam,
564 2106 627 2163 quae
640 2106 728 2144 cursu
742 2108 851 2165 magno
864 2091 938 2153 soni·

88 2192 177 2258 tuque
195 2181 334 2253 serretur,
356 2199 444 2257 quam
463 2179 641 2259 suspicerent
652 2200 768 2254 omncs,
782 2201 874 2260 quam
890 2186 939 2243 ad·

89 2273 276 2348 mirarentur,
291 2294 379 2353 quam
392 2294 422 2333 se
433 2274 545 2353 assequi
559 2294 643 2354 posse
657 2272 832 2337 diffiderent.
845 2278 939 2352 Hujus

90 2370 259 2449 eloquentiae
286 2380 328 2427 est
355 2382 479 2427 tractare
501 2366 623 2442 animos,
638 2368 723 2441 hujus
747 2370 829 2428 omni
854 2372 939 2431 modo

89 2481 290 2541 permovere:
319 2461 380 2517 haec
415 2456 501 2517 modd
537 2459 702 2540 perfringit,
741 2463 829 2522 modo
863 2466 940 2526 irre·
975 2488 978 2493 ⁴

89 2553 133 2633 pit
157 2554 187 2610 in
210 2571 326 2626 sensns3
351 2553 450 2609 inserit
473 2571 563 2612 novas
580 2554 749 2634 opiniones,
772 2558 872 2617 evellit
893 2561 940 2619 in·

89 2646 169 2704 sitas.
189 2648 247 2705 Sed
269 2645 391 2705 multum
408 2644 527 2705 interest
545 2648 622 2707 inter
639 2649 695 2708 hoc
715 2649 831 2710 dicendi
851 2674 942 2731 genus

89 2752 119 2797 et
133 2741 293 2819 superiora.
314 2740 370 2814 Qui
387 2739 417 2796 in
436 2738 486 2798 illo
507 2740 603 2799 subtili
622 2755 652 2800 et
669 2756 753 2802 acuto
768 2745 940 2825 elaboravit,

89 2845 121 2891 ut
143 2833 247 2892 callide
268 2833 427 2911 arguteque
451 2833 578 2907 diceret,
598 2855 652 2894 nec
675 2838 833 2917 quidquam
856 2843 943 2902 altius

92 3090 105 3114 u
117 3085 195 3116 sensus
205 3069 287 3130 aliquis
296 3069 378 3134 argutl
390 3080 413 3116 et
423 3068 488 3118 brevi
541 3081 617 3131 tance,
636 3074 658 3119 le
678 3074 778 3122 discours
796 3097 856 3139 pour
873 3087 942 3131 Mar.

91 3153 105 3178 u
117 3132 228 3180 sententil
247 3131 340 3191 ellulsit,
357 3132 403 3179 sive
425 3135 489 3180 locus
542 3135 629 3195 cellos,
647 3145 672 3181 et
687 3138 708 3182 le
729 3142 893 3205 Panegyriqoe
915 3148 944 3193 da

85 3218 100 3240 a
111 3196 229 3260 exquisito
257 3205 281 3245 et
306 3196 399 3260 poetico
428 3198 491 3243 cultu
545 3196 634 3260 'l'nq'un
643 3209 744 3257 pensent
754 3204 825 3246 seruit
842 3207 946 3253 limoso.

75 3280 89 3304 a
100 3263 197 3309 enituit.
216 3283 232 3303 ι»
247 3266 265 3311 Α
276 3272 332 3311 oent
346 3276 388 3310 ans
403 3261 435 3309 dc
446 3261 495 3308 dit·
549 3275 587 3307 rer
598 3268 658 3305 cette
668 3260 799 3304 decadence
809 3263 843 3304 du
854 3269 922 3320 gout.
