2070 3524
85 145 116 186 Η
446 135 578 182 ORATOR.

128 360 293 415 L'elocution
306 358 420 411 oratoire
434 359 573 429 comparee
587 356 765 409 il’elooution
782 354 829 409 des
844 354 932 428 philo-

154 445 259 516 sophes‚
274 441 319 494 des
331 441 470 513 sophistes,
483 438 528 491 des
539 438 690 503 historiens,
706 438 751 491 des
769 442 866 510 poetes.

125 625 181 681 XI.
196 622 254 682 Sed
264 619 324 693 jam
343 617 419 677 illius
431 615 552 698 perfe'cti
568 616 690 675 oratoris
704 629 733 675 et
744 636 864 675 summae
873 618 935 680 elo-

86 714 211 794 quentiae
224 712 334 794 species
349 711 536 792 exprimenda
550 723 594 769 est
599 735 607 784 ;
632 730 718 787 quem
734 711 793 769 hoc
806 730 866 769 uno
884 731 935 771 ex-

87 809 202 889 cellere,
219 807 249 866 id
266 820 309 867 est
327 807 467 877 oratione,
489 816 584 863 cetera
606 803 636 861 in
654 823 689 862 eo
707 803 809 873 latere,
831 803 938 864 indicat

87 923 193 963 nomen
214 902 321 982 ipsum.
342 904 406 960 Non
428 898 505 959 enim
518 898 664 969 inventor,
680 908 729 954 aut
747 897 935 979 compositor,

87 1009 245 1066 amantor,
263 995 324 1053 haec
340 993 508 1073 complexus
527 1004 570 1050 est
588 991 686 1049 omnia
692 1015 701 1065 ;
720 993 770 1049 sed
786 1003 816 1050 et
837 992 937 1055 Graeod

88 1090 124 1150 ab
132 1089 292 1166 eloquendo
305 1089 405 1169 ῥήτωρ,
419 1099 447 1145 et
461 1085 559 1144 Latine
577 1111 590 1138 t<
599 1086 735 1162 eloquens
746 1110 760 1138 ι
775 1085 870 1145 dictus
884 1099 936 1149 est.

88 1183 254 1240 Ceterarum
267 1181 343 1237 enim
357 1199 466 1251 rerum,
480 1198 544 1256 quae
559 1191 624 1237 sunt
639 1178 668 1235 in
682 1190 807 1252 oratore,
825 1192 937 1259 partem

89 1275 215 1352 aliquam
230 1273 285 1331 sihi
300 1273 421 1350 quisque
437 1272 580 1345 vindicat3
597 1270 711 1330 dicendi
726 1284 832 1347 autem,
848 1272 879 1332 id
896 1285 940 1334 est

88 1366 252 1446 eloquendi,
264 1366 389 1425 maxima
401 1367 444 1425 vis
452 1365 758 1425 solihuicconceditur.
767 1369 938 1445 Quanquam

89 1461 165 1520 enim
174 1474 201 1520 et
209 1460 374 1540 philosophi
382 1460 499 1539 quidum
508 1460 608 1518 ornate
615 1458 702 1517 locuti
709 1471 777 1517 sunt
784 1458 938 1539 (siquidem

89 1568 117 1613 et
134 1555 349 1634 Theophrastus
365 1553 513 1612 divinitate
527 1552 683 1630 loquendi¹
701 1572 808 1611 nomen
818 1553 936 1636 invenit,

89 1661 118 1708 et
132 1648 298 1707 Aristoteles
316 1653 472 1706 Isocratem
489 1648 586 1727 ipsum
606 1646 749 1706 lacessivit
756 1647 778 1724 ²,
793 1660 823 1707 et
836 1652 938 1708 Xeno-

89 1742 205 1822 phontis
228 1761 299 1800 voce
318 1747 415 1799 Musas
438 1740 520 1818 quasi
542 1740 651 1799 locutas
673 1742 782 1819 serunt,
804 1754 833 1800 et
854 1741 938 1821 longi

90 1833 229 1907 omnium,
244 1833 418 1911 quicumque
435 1833 611 1913 scripserunt
624 1845 674 1891 aut
688 1832 777 1892 locuti
796 1847 873 1910 suut,
888 1854 939 1893 ex·

90 1926 161 1986 stitit
174 1939 202 1985 et
216 1927 353 1985 suavitate
366 1939 395 1986 et
410 1927 550 2007 gravitate
564 1926 699 2006 princeps
713 1927 825 2007 Plato),
842 1940 946 1995 tamen,

89 2021 195 2079 horum
208 2019 300 2078 oratio
319 2041 413 2098 neque
427 2041 541 2095 nervos,
558 2041 652 2098 neque
669 2020 785 2079 aculeos
798 2021 938 2081 oratorios

90 2134 124 2172 ac
143 2114 270 2173 forenses
292 2113 390 2174 habet.
412 2120 584 2193 Loquuntur
604 2134 670 2172 cum
691 2113 795 2190 doctis,
814 2135 938 2193 quorum

92 2209 192 2267 sedare
206 2207 316 2267 animos
333 2209 452 2283 malunt,
473 2210 560 2287 quim
579 2207 722 2267 incitare:
739 2209 780 2266 sic
798 2211 835 2269 de
854 2209 939 2269 rebus

91 2300 210 2379 placatis
232 2321 265 2359 ac
285 2300 402 2360 minime
424 2299 608 2372 turbulentis,
625 2300 748 2359 docendi
769 2304 867 2378 causi,
882 2322 938 2361 nou

122 2475 144 2514 t.
159 2469 285 2514 Divinitate
300 2468 413 2530 loquendi.
424 2470 489 2515 Cotto
543 2488 556 2512 α
571 2468 745 2530 deprehendisse
751 2468 940 2534 interrogatores·

91 2530 220 2592 perfectiora
233 2531 262 2577 de
275 2531 369 2594 hugage
379 2530 412 2575 lui
422 2531 489 2576 attira
544 2551 557 2574 α
571 2532 666 2592 pondu,
682 2531 752 2593 quim
765 2533 829 2593 quod
847 2533 940 2579 nimium

90 2595 162 2640 meme
173 2609 218 2639 une
227 2593 381 2639 mdsuventure
394 2608 439 2654 que
452 2608 489 2638 ra-
546 2613 557 2637 «
571 2594 647 2642 Attice
667 2595 809 2654 loqueretur.
831 2613 845 2637 »
867 2597 938 2660 (Im.

89 2666 157 2702 oonte
170 2655 226 2701 ainsi
236 2656 374 2712 Quintilien:
387 2655 490 2700 «Multos
546 2659 622 2719 Orat„
636 2657 704 2715 Vltl,
718 2656 746 2718 1.)

90 2735 104 2760 α
120 2717 384 2778 quibusloquendiratio
393 2717 489 2763 nonde·
575 2725 598 2763 2.
625 2721 760 2764 Lacessivt't.
786 2719 889 2766 sltusion
914 2735 941 2765 ιιι

91 2797 104 2821 «
118 2779 275 2839 sit‚invenius,
286 2795 346 2840 quos
353 2779 442 2825 curiose
450 2796 491 2840 po·
544 2796 595 2827 vers
607 2781 639 2826 du
650 2781 776 2827 Ptttocte‘ee.
789 2782 940 2843 d’Euripido:

91 2840 160 2886 «tius
172 2840 236 2901 loqui
252 2841 349 2904 dixeris,
363 2842 432 2915 quim
445 2845 489 2888 La·
546 2845 650 2906 Αἶα-χρὸν
671 2843 778 2905 σιωπᾶν,
804 2846 941 2911 βαρΰάρονέ

92 2920 106 2946 ιι
119 2902 178 2948 tine:
188 2905 304 2962 quomodo
325 2914 348 2950 et
366 2905 404 2949 sila
419 2905 492 2951 Attica
546 2905 571 2953 δ’
585 2906 626 2955 ἐᾶν
638 2906 729 2969 λέγειν,
749 2906 890 2967 qu'Aristote
903 2923 942 2969 po-

91 2983 104 3007 «
120 2981 176 3011 auus
183 2966 492 3026 Theophrashlm,hominem
545 2968 630 3013 rodiait
641 2967 699 3013 ainsi
709 2969 829 3031 ιΑῑο-χρὸν
839 2969 941 3031 σιωπᾶν,

91 3046 104 3071 α
119 3028 206 3089 alioqui
221 3028 403 3086 disertissimum,
421 3046 492 3075 anno·
549 3030 693 3091 Ἰσοκράτην
714 3031 735 3078 δ’
754 3033 794 3080 ἐᾶν
816 3033 900 3093 λέγειν.
923 3031 942 3077 ΙΙ

92 3091 167 3137 «tati
180 3091 247 3137 unius
265 3090 407 3138 assectatione
417 3092 491 3149 verbi,
545 3109 574 3139 ue
588 3091 727 3152 pardonnait
751 3108 792 3153 pus
814 3093 943 3142 thomam

83 3170 101 3196 u
111 3153 229 3214 hospitem
240 3153 317 3203 dixit:
328 3171 371 3203 nee
381 3154 428 3203 ulio
438 3171 461 3204 se
467 3155 493 3203 id
548 3170 592 3202 son
603 3154 707 3217 tttgmee
716 3152 873 3202 mtmueuss!
