2070 3524
124 257 167 296 ⁴³8
486 249 617 296 ORATOR.

120 366 243 426 tendum
264 364 313 436 sit,
328 376 378 422 aut
399 363 514 441 longius
532 365 765 442 procedendum,
788 383 828 422 ue
852 361 976 424 brevitas

121 459 306 517 defraudasse
313 476 398 516 aures
409 455 556 528 videatur,
566 476 640 515 neve
651 456 805 535 longitudo
815 455 974 520 obtudisse.

121 553 179 612 Sed
191 552 287 611 habeo
300 549 508 610 mediocritatis
523 549 687 610 rationem:
708 571 762 609 nec
777 549 859 608 enim
876 551 974 628 loquor

120 646 158 703 de
173 664 271 717 versu,
284 655 314 702 et
327 655 371 701 est
384 641 504 700 liberior
520 641 670 720 aliquautd
678 640 794 701 oratio.
807 645 833 700 E
853 655 975 720 quatuor

25 764 38 813 2
59 764 83 806 χ
120 737 223 815 igitur,
235 735 317 816 quasi
328 736 564 796 hexametrorum
578 734 672 794 instar
684 755 825 795 versuum
836 737 920 814 quod
929 735 975 803 sit,

120 844 235 890 constat
255 831 315 888 sere
328 829 415 909 plena
432 827 664 907 comprehensio.
680 828 733 886 His
744 828 837 906 igitur
857 828 976 906 singulis

121 925 252 984 versibus
265 922 348 1002 quasi
368 921 438 981 nodi
455 933 597 1000 apparent
615 920 842 980 continuationis
856 921 881 994 ¹,
906 941 975 999 quos

107 1010 152 1075 ¹iu
180 1017 291 1076 ambitu
312 1014 526 1093 conjungimus.
556 1013 606 1073 Sin
633 1014 818 1073 membratim
843 1014 975 1072 volumus

122 1109 230 1182 dicere,
254 1108 426 1178 insistimus,
450 1106 538 1184 idque
563 1127 655 1183 quum
678 1126 752 1186 opus
771 1119 832 1179 est,
859 1107 897 1164 ab
922 1106 976 1166 isto

122 1222 208 1259 cursu
224 1201 370 1260 invidioso
395 1198 478 1257 facita
495 1219 548 1257 nos
564 1213 593 1259 et
607 1219 684 1279 saepe
697 1199 905 1277 disjungimus.
922 1203 976 1260 Sed

122 1293 193 1352 nihil
206 1307 266 1353 tam
288 1293 376 1352 debet
394 1312 456 1351 esse
473 1313 673 1366 numerosum,
700 1291 790 1371 quam
810 1293 881 1367 hoc,
897 1295 976 1371 quod

123 1388 240 1447 minimi
254 1399 376 1467 apparet
396 1399 425 1445 et
445 1386 522 1446 valet
541 1387 713 1466 plurimum.
734 1389 777 1444 Ex
797 1385 854 1444 hoc
870 1405 975 1463 genere

122 1482 196 1541 illud
209 1495 252 1540 est
264 1480 375 1540 Crassi:
389 1506 403 1533 a
414 1480 518 1539 Missos
536 1481 644 1539 saciant
660 1494 819 1560 patronos:
835 1479 892 1558 ipsi
904 1500 975 1559 pro-

123 1575 221 1634 deant.
233 1599 246 1626 »
267 1573 328 1631 Nisi
346 1572 500 1632 intervallo
520 1571 661 1631 dixisset:
679 1597 694 1625 e
709 1570 766 1650 ipsi
782 1572 940 1649 prodeant,
961 1598 974 1625 s

123 1667 257 1727 sensisset
265 1664 397 1746 profectb
406 1686 437 1725 se
447 1665 555 1724 fudisse
565 1665 736 1738 senarium’3
745 1663 975 1725 omniuomelibs

122 1763 250 1832 caderet,
260 1787 273 1813 α
283 1762 426 1838 prodeant
433 1759 499 1838 ipsi.
508 1785 522 1813 s
533 1760 590 1818 Sed
599 1760 636 1817 de
645 1778 752 1836 genere
760 1778 839 1816 nunc
845 1759 974 1839 disputo.

126 1881 140 1908 a
157 1857 214 1912 Cur
237 1851 420 1911 clandestinis
437 1852 564 1911 consiliis
584 1872 637 1910 nos
659 1854 848 1930 oppugnant?
867 1873 921 1910 cur
940 1855 975 1911 de

21 1968 66 2013 ῃ,
80 1968 92 2018 ις
122 1946 249 2026 perfugis
270 1946 376 2004 nostris
404 1947 502 2026 copias
525 1956 694 2024 comparant
722 1956 825 2002 contm
853 1949 972 2004 nusi.»

121 2041 218 2098 Prima
240 2051 306 2097 sunt
328 2038 377 2096 itta
400 2039 471 2109 duo,
493 2059 557 2114 quae
576 2038 704 2116 κόμματα
730 2036 824 2096 Graeci
853 2054 974 2112 vocant,

122 2153 175 2191 nos
194 2130 434 2204 incisadicimus3
459 2128 564 2189 deinde
586 2129 707 2190 tertium
728 2130 815 2188 κῶλον
845 2130 901 2204 itti,
924 2153 975 2192 nos

122 2227 295 2285 membrum.
332 2223 467 2303 Sequitur
490 2244 549 2282 non
572 2223 673 2300 louga3
706 2243 744 2281 ex
762 2223 879 2284 duobus
900 2226 976 2284 enim

122 2319 266 2391 versibus,
287 2317 315 2376 id
347 2330 403 2390 est,
428 2316 577 2388 membriS,
603 2317 733 2395 perfecta
755 2318 977 2396 comprehensio

123 2426 178 2484 est,
194 2425 223 2470 et
250 2410 281 2469 in
307 2412 458 2490 spondaeos
489 2409 577 2469 cadit.
596 2413 632 2467 Et
649 2412 767 2467 Crassus
785 2407 905 2486 quidem
936 2411 977 2470 sic

122 2507 295 2586 plerumque
305 2504 431 2577 dicebat,
443 2503 531 2582 idque
543 2503 605 2582 ipse
617 2522 707 2579 genus
722 2502 838 2561 dicendi
852 2505 977 2564 maxime

123 2602 228 2683 probo.

164 2696 219 2756 Sed
232 2713 295 2771 quae
308 2691 421 2751 incisim
435 2705 486 2750 aut
497 2691 681 2751 membratim
693 2689 870 2766 efferuntur,
883 2715 919 2753 ea
931 2694 978 2754 vel

122 2786 270 2865 aptissime
282 2788 385 2845 cadere
394 2786 512 2858 debent,
521 2799 554 2846 ut
564 2799 607 2845 est
618 2784 696 2863 apud
709 2803 772 2843 me:
784 2790 918 2846 «Domus
926 2788 979 2847 tibi

124 2881 240 2936 deerat?
256 2893 285 2938 at
302 2880 440 2940 habebas.
453 2879 578 2939 Pecunia
589 2877 761 2958 superabat?
781 2890 811 2936 at
828 2881 948 2959 egebas.
966 2908 978 2936 a

158 3085 178 3127 t.
201 3077 262 3125 Nudi
278 3079 462 3128 continuationis.
481 3083 523 3126 Les
577 3091 635 3140 tum,
649 3088 703 3142 ete,
722 3089 745 3125 et
757 3080 790 3126 let
801 3097 913 3142 prouoma
926 3084 981 3130 rela-

126 3143 215 3204 uoeuds‚
230 3141 262 3186 les
275 3139 389 3200 jointures
404 3142 432 3186 de
442 3144 469 3195 ‚lu
485 3140 524 3202 pti-
576 3141 614 3187 tits
624 3142 675 3202 qui,
690 3158 749 3201 quaa,
761 3153 806 3191 etc.

125 3204 190 3249 riode
200 3223 207 3251 .·
219 3203 273 3263 sed;
282 3218 423 3267 quanquam,
434 3213 510 3250 tamen
515 3223 523 3263 ,·
610 3210 634 3253 2.
641 3207 669 3248 Sc
672 3203 765 3263 fudisse
776 3208 902 3263 senarium,
911 3209 982 3268 qu’un

114 3281 160 3310 aaa
175 3266 263 3332 solitu,
283 3270 328 3318 sed
342 3269 428 3329 etcum
445 3285 525 3334 quum,
579 3264 799 3327 uem'tambiquetm
809 3268 988 3327 auditiuhuppb.
