2070 3524
146 194 174 229 αἱ
500 184 633 232 ORATOR.

142 295 202 376 jam
217 295 378 354 animorum
393 296 534 355 incendiis
548 297 682 357 irridere.
701 301 800 374 ltaque
815 316 845 355 se
861 316 988 377 purgans

141 387 257 468 jocatur
270 387 497 447 Demosthenes:
522 401 610 466 negat
627 387 657 446 iu
672 407 706 447 eo
725 389 832 466 positus
849 407 911 449 esse
927 391 989 449 for-

144 492 228 537 tunas
243 479 371 551 Graeciae,
384 479 439 538 hoc
451 499 488 538 an
497 479 548 538 illo
558 480 646 539 verbo
659 501 728 538 usus
740 481 788 553 sit,
801 480 858 539 huc
872 502 910 541 an
921 481 990 541 illuc
1030 474 1034 509 '²

143 589 259 628 menum
273 571 438 645 porrexerit
449 572 471 632 ¹.
488 576 619 648 Quonam
636 572 725 650 igitur
739 574 827 633 modo
841 575 974 633 andiretu

141 671 237 744 Mysus
254 678 303 725 aut
313 666 413 743 Phryx
425 665 560 735 Athenis,
574 685 662 743 quum
681 663 768 722 etium
782 667 990 729 Demosthenes

141 759 301 837 exagitetur
311 771 344 818 ut
355 759 492 839 putidus?
503 763 598 834 Quum
616 754 687 816 vere
705 756 842 816 inclinate
852 759 990 820 ululanti-

141 873 197 928 que
211 854 310 924 voce²‚
325 872 406 910 more
419 851 557 923 Asiatico,
571 870 674 909 canere
689 849 834 929 coepisset,
848 851 990 929 quiscum

141 946 245 1002 ferret?
259 956 307 1002 aut
320 944 385 1022 quis
402 943 568 1023 potiusnon
578 943 693 1017 juberet
707 943 834 1001 auferri?

178 1038 222 1095 Ad
236 1036 396 1095 Atticorum
410 1036 497 1113 igitur
511 1056 595 1094 aures
607 1035 727 1094 teretes⁸
739 1048 767 1094 ct
779 1036 928 1113 religiosas
942 1041 991 1119 qui

139 1149 170 1188 se
187 1131 422 1202 accommodant,
441 1128 462 1186 ii
482 1142 549 1187 sunt
566 1127 748 1187 existimandi
766 1129 858 1188 Attice
879 1131 988 1193 dicere.

139 1226 267 1297 Quorum
279 1242 386 1302 genera
399 1223 482 1301 plura
492 1234 573 1294 suut;
588 1221 619 1279 hi
632 1241 722 1279 unum
732 1219 829 1292 mode,
843 1223 930 1301 quale
941 1225 988 1298 sit,

138 1314 330 1393 suspicantur.
355 1320 458 1373 Putant
487 1315 583 1389 euim,
609 1313 659 1391 qui
682 1314 802 1373 horride
825 1315 990 1396 inculteque

137 1406 225 1474 dicat,
245 1406 331 1467 mode
349 1408 379 1466 id
396 1409 543 1487 eleganter
559 1406 785 1486 enucleateque,A
804 1408 906 1481 iaciat,
923 1432 991 1470 eum

136 1575 204 1621 ceron
225 1575 284 1622 n'em
301 1575 346 1621 loie
370 1591 411 1636 pus
434 1577 536 1634 tonjours

136 1653 162 1683 ce
184 1593 301 1682 eorrectid
310 1655 315 1683 ε
342 1655 355 1679 «
382 1637 493 1682 Ardentes
510 1637 535 1681 in

137 1717 151 1740 «
167 1713 219 1743 eum
236 1698 323 1743 litteras
338 1697 367 1742 ud
383 1713 419 1743 me
432 1696 502 1742 misit.
520 1715 533 1739 u

140 1760 239 1820 (Lettres
258 1759 274 1804 ὰ
291 1760 392 1820 Atticus,
410 1758 474 1815 xlv,
494 1758 530 1818 x.)

137 1840 151 1864 α
165 1825 286 1883 Nunquam
308 1820 340 1880 it,
366 1819 407 1879 qui
430 1818 531 1878 audiret,

136 1901 150 1926 ι
164 1883 330 1941 incenderetur,
346 1880 390 1928 nisi
407 1881 489 1926 ardeus
504 1881 533 1925 ed

137 1964 151 1988 α
164 1961 216 1991 eum
251 1943 380 2005 perveniret
410 1941 493 1987 oratio.
518 1961 531 1985 u

139 2007 284 2069 (t’orateur,
299 2003 416 2066 κωκυ.)

167 2075 190 2125 l.
213 2071 306 2114 Manum
321 2067 460 2128 porrexerit.
479 2067 532 2112 Dis-

135 2145 203 2176 court
209 2146 268 2191 pour
274 2128 299 2174 la
307 2132 433 2188 eooroone,
441 2143 529 2177 mm:

135 2193 184 2242 Καὶ
205 2194 251 2254 μὴν
280 2192 338 2241 οὐδὲ
363 2192 431 2243 ,τοῦτ’
458 2193 532 2241 εἰπεῖν

135 2255 244 2313 ὀκνήσω,
272 2255 310 2304 ὅτι
334 2256 348 2304 ὁ
373 2255 415 2304 τὸν
441 2255 532 2318 ῥήτορα

135 2318 280 2379 βουλόμενος
295 2315 392 2370 δικαίως
405 2316 531 2373 ἐξετάζειν,

134 2381 178 2428 καὶ
198 2381 230 2440 μὴ
247 2383 412 2439 συκοφαντεῖν,
428 2378 527 2436 οὐκᾶν,

135 2442 177 2491 οἶα
187 2442 217 2490 σὺ
224 2445 266 2490 νῦν
276 2439 363 2502 ἔλεγες,
376 2443 478 2488 τοιαῦτα
490 2457 532 2488 κα·

134 2503 243 2568 rumpet,
258 2501 444 2564 παραδείγματα
452 2502 529 2549 πλάτ-

134 2582 194 2624 των,
217 2566 258 2614 καὶ
283 2566 392 2630 ῥήματα,
417 2564 532 2624 σχήματα

134 2627 288 2690 μιμούμενος,
294 2652 326 2663 -
333 2627 401 2675 Πάνυ
410 2626 531 2689 γὰρπαρὰ

134 2694 216 2747 τοῦτο,
226 2691 273 2752 οὐχ
282 2689 350 2752 ὁρᾶς,
363 2687 404 2735 καὶ
410 2687 492 2749 γέγονε
501 2690 531 2736 τὰ

133 2756 180 2800 τῶν
205 2751 316 2808 Ελλήνων
337 2749 480 2811 πάγματα,
509 2751 531 2798 εἰ

134 2815 201 2862 τουτὶ
218 2812 338 2876 διεὶὲχθην
356 2765 444 2873 erimh
465 2813 531 2873 δευρὶ

134 2877 176 2930 τὴν
202 2880 286 2938 χεῖρα,
318 2874 378 2922 ἀλλὰ
401 2874 433 2935 μὴ
464 2873 530 2937 δευρὶ

133 2937 284 2999 παρήνεγκα,
297 2962 328 2973 -
337 2936 392 2985 ἀλλ’
403 2935 440 2984 ἐπ’
452 2937 530 2987 αὐτῶν

133 3006 181 3079 των
198 2999 275 3075 ἔργων
293 2999 449 3079 ἄν’ίσκὸαει,
468 2999 531 3054 τίνας

133 3064 530 3184 “trememtem

109 3185 224 3241 ρύτοναν
248 3187 291 3234 des
321 3189 405 3236 Grecs.
429 3186 531 3236 ciceron

588 1581 715 1618 commento
735 1574 786 1633 plus
806 1574 856 1617 turd
873 1583 934 1621 cette
948 1592 991 1623 ex·

588 1634 692 1693 pressiou
710 1635 784 1693 (chop.
794 1635 866 1695 xvir).

619 1701 642 1739 8.
658 1696 735 1739 Aures
750 1706 839 1751 teretes,
851 1696 891 1739 des
899 1699 992 1747 oreillet

587 1755 706 1812 delicates3
720 1771 748 1799 uu
763 1771 858 1816 propre,
870 1758 957 1805 rondes
968 1772 992 1808 et

586 1831 636 1861 suns
647 1815 753 1875 asperim.
766 1821 803 1862 On
812 1825 892 1863 trouve
903 1820 992 1870 dunsle

586 1879 657 1923 meme
674 1892 745 1924 scus:
769 1881 835 1924 Teres
853 1896 908 1940 vox,
930 1895 990 1931 teres

584 1941 666 1984 oratio.
681 1940 768 1986 Horace
778 1941 813 1986 dit
821 1957 849 1987 eu
858 1945 949 2002 pariant
958 1948 989 1992 dn

584 2017 654 2064 suge:
670 2018 683 2042 «
696 2003 779 2062 Fortis,
793 2003 848 2050 etin
858 2020 881 2050 se
893 2006 945 2067 ipso
954 2018 989 2056 to·

586 2082 599 2105 «
611 2073 656 2119 tus,
672 2071 732 2109 teres
752 2075 821 2126 utque
839 2070 988 2115 rotundus.»

587 2126 694 2188 (Satires,
710 2128 741 2188 lt,
761 2144 805 2182 vu,
819 2131 867 2189 eo.)
883 2147 897 2172 α
913 2131 937 2176 si
953 2142 988 2179 te·

585 2207 598 2230 e
613 2197 672 2235 retes
679 2204 747 2235 aures
753 2191 837 2236 hubent
849 2191 987 2256 intelligens·

585 2269 598 2294 α
613 2266 657 2311 que
664 2251 785 2310 judicium.
796 2271 809 2295 n
823 2253 935 2314 (ciceron,
950 2259 986 2302 Du

584 2313 691 2358 meilleur
697 2331 772 2373 genre
778 2315 929 2376 d'e'loquence,
939 2319 984 2380 lv.)

614 2379 638 2418 4.
654 2376 794 2422 Enncleate'.
812 2377 941 2424 Euucleare
959 2396 986 2426 uu

583 2452 682 2497 propre,
712 2437 762 2485 oter
786 2439 808 2484 le
843 2455 936 2500 noym
958 2459 987 2489 uu

583 2498 663 2561 figure,
679 2501 801 2561 expliquer
813 2501 986 2561 clairemeut,de

583 2560 707 2610 muniereit
718 2579 747 2608 ue
760 2563 836 2609 laisser
848 2565 987 2611 aucunedit·

583 2622 667 2669 ficulte.
678 2625 774 2673 ciceron
783 2625 987 2686 indiquednnotes
1029 2671 1032 2681 ,

585 2687 713 2736 Partitt'ouc
729 2690 841 2733 orotoires
856 2688 901 2748 (ch.
911 2690 985 2796 ”¹2⁹

582 2747 946 2810 l'ahusetl'excesdecettequnli

584 2828 597 2853 u
613 2810 666 2854 Citd
678 2811 762 2859 urescit
773 2812 874 2871 lacrima,
890 2828 985 2871 preter·

585 2890 597 2914 u
619 2873 659 2918 tim
685 2873 712 2920 in
737 2873 815 2919 alicnis
840 2872 903 2918 mulis
923 2890 985 2920 :nec

585 2953 597 2976 u
612 2936 738 2996 quidquam
761 2935 785 2980 in
810 2935 985 2996 amplificatione

585 3015 598 3039 α
612 2997 679 3042 nimis
692 2997 854 3043 enucleandum
864 3007 897 3043 eet
915 3016 921 3044 ι
941 2998 984 3042 rni-

584 3078 598 3101 «
613 3068 667 3104 uutn
684 3070 720 3106 est
733 3058 794 3104 enirn
808 3059 984 3123 omuisdiligeu-

585 3141 599 3163 u
613 3120 664 3168 tin:
678 3120 718 3167 hic
734 3122 882 3166 nutemlocus
890 3122 985 3183 grandia

588 3205 602 3229 ς(
615 3184 727 3247 requirit.
741 3202 755 3226 tt
767 3185 804 3229 Le
827 3182 882 3240 {tem
899 3192 997 3225 mmuh
