2062 3510
417 242 550 290 ORATOR.
601 259 605 266 ·
862 246 905 285 stt

56 356 139 434 quasi
148 357 216 415 verd
225 355 399 413 Trallianus¹
416 355 502 414 fuerit
513 356 739 416 Demosthenes!
754 354 836 436 cujus
850 376 907 413 non

57 462 116 507 tarn
141 448 287 507 vibrarent
311 447 432 507 fulmina
455 448 517 520 illa,
542 448 598 508 nisi
620 449 749 507 numeris
775 461 907 507 contorto

58 545 213 602 ferrentur.
655 546 660 555 ’

97 637 151 694 Sed
171 637 195 694 si
214 657 287 714 quus
307 634 398 713 magis
416 637 561 695 delectant
582 636 688 709 soluta,
703 649 860 714 sequantur
874 658 907 694 co

56 733 138 802 sane,
153 729 241 788 modd
260 729 313 802 sic,
331 741 365 787 ut
383 726 409 788 si
428 729 492 805 quis
506 728 614 787 Phidiae
629 731 784 808 clypeum²
804 730 907 789 dissol-

56 823 144 894 verit,
159 822 353 881 collocationis
365 821 531 881 universam
543 823 669 901 speciem
678 823 835 894 sustulerit,
850 844 909 881 non

56 916 235 992 singulorum
260 934 381 994 operum
404 927 585 974 venustatem
608 937 614 973 :
639 929 672 974 ut
696 915 727 974 in
743 917 909 992 Thucydide

56 1010 158 1067 orbem
173 1009 260 1065 modo
283 1007 420 1066 orationis
435 1007 580 1081 desidero,
600 1021 770 1066 ornamenta
790 1030 908 1089 compa-

60 1113 132 1160 rent.
156 1100 207 1158 Isti
223 1112 320 1157 autem
334 1121 424 1177 quum
438 1099 599 1158 dissolvunt
616 1101 789 1174 orationem,
804 1102 834 1160 in
852 1106 909 1181 quei

56 1217 111 1254 neo
127 1216 185 1267 res,
206 1215 259 1252 nec
278 1193 402 1251 verbum
422 1193 512 1251 ullum
531 1206 586 1266 est,
604 1193 660 1252 nisi
678 1196 833 1268 abjectum,
851 1217 910 1255 non
955 1270 957 1274 ,

56 1291 205 1369 clypeum,
222 1288 284 1359 sed,
301 1299 333 1344 ut
351 1286 381 1344 in
396 1286 553 1364 proverbio
569 1285 635 1364 (etsi
648 1287 786 1346 humilibs
801 1289 910 1348 dictum

56 1394 112 1452 est,
129 1393 225 1438 tamen
243 1378 390 1437 consimile
408 1381 462 1456 est)
477 1398 590 1457 scopas,
609 1390 641 1437 ut
663 1378 821 1452 itadiram‚
839 1381 909 1438 mihi

58 1473 192 1531 videntur
213 1472 370 1529 dissolvere
379 1471 398 1529 ³.
422 1474 527 1547 Atque,
550 1482 583 1529 ut
610 1471 697 1550 plane
721 1492 811 1549 genus
838 1474 907 1547 hoc,

57 1568 136 1643 quod
151 1585 204 1642 ego
214 1565 313 1636 laudo,
327 1559 530 1641 contempsisse
544 1564 709 1636 videantur,
723 1578 773 1623 aut
785 1565 911 1625 scribant

56 1658 168 1735 aliquid
180 1656 226 1715 vel
238 1661 382 1714 Isocrateo
396 1675 488 1727 more,
501 1656 547 1714 vel
561 1677 620 1734 quo
632 1657 779 1716 AEschines
794 1672 844 1717 aut
855 1665 910 1718 De-

56 1751 221 1810 mosthenes
233 1749 338 1822 utitur3
352 1761 414 1806 tum
426 1748 490 1835 illos
507 1749 679 1809 existimabo
695 1772 755 1822 non
767 1751 905 1832 despera·
975 1798 978 1803 «

56 1845 136 1903 tione
148 1842 379 1901 reformidavisse
389 1863 480 1920 genus
491 1843 558 1915 hoc,
567 1845 618 1902 sed
627 1844 737 1917 judicio
747 1846 888 1923 refugisse
898 1871 907 1921 ;

58 1948 108 1994 aut
126 1935 283 2015 reperiant,
303 1935 367 2014 ipsd
384 1936 486 1994 eidem
504 1936 669 1994 conditione
688 1936 738 2014 qui
759 1937 802 1995 uti
822 1938 906 2011 velit,

57 2042 90 2087 ut
103 2041 153 2087 aut
167 2028 255 2100 dicat,
268 2040 318 2086 aut
328 2027 447 2099 scribat,
455 2035 521 2086 utra
531 2029 611 2088 voles
621 2029 733 2106 linguat,
745 2050 780 2088 eo
792 2017 909 2107 genere,

57 2143 116 2201 quo
140 2122 183 2180 illi
205 2122 315 2181 volunt.
342 2121 465 2180 Facilius
485 2133 529 2180 est
551 2123 629 2181 enim
648 2136 715 2202 apta
740 2124 909 2196 dissolvere,

58 2219 146 2293 quim
158 2208 295 2293 dissipata
309 2227 491 2274 connectere.
508 2221 564 2274 Res
584 2230 680 2276 autem
698 2238 728 2276 se
750 2219 790 2275 sic
810 2218 908 2291 habet,

57 2319 90 2366 ut
104 2307 272 2365 brevissime
287 2307 381 2365 dicam
398 2308 473 2383 quod
492 2309 604 2366 sentio:
623 2309 780 2387 composite
794 2322 823 2368 et
842 2312 909 2388 apte

58 2401 119 2457 sint¹
135 2399 281 2458 sententiis
295 2398 391 2457 dicere
407 2399 519 2458 insania
534 2413 591 2474 est3
603 2402 793 2483 ..sententiose
813 2416 909 2463 autom

58 2492 119 2551 sine
133 2493 288 2551 verborum
302 2505 331 2551 et
342 2491 444 2550 ordino
459 2505 488 2551 et
501 2478 600 2565 inodo,
616 2480 749 2568 infantia3
766 2482 816 2554 sed
831 2494 909 2575 ejus-

91 2757 113 2794 t.
134 2749 276 2796 Trallianus.
293 2752 334 2794 Les
345 2749 459 2795 habitante
545 2757 566 2798 3.
589 2754 672 2811 Scopas
689 2749 823 2809 dissolvere,
842 2752 909 2799 dc‘liei

57 2815 87 2858 de
100 2813 196 2871 Tralles,
212 2812 264 2856 ville
277 2812 306 2856 de
322 2812 405 2870 Lydie,
421 2828 459 2856 sur
512 2829 544 2856 un
570 2812 640 2860 belai.
659 2813 690 2857 Ce
714 2813 827 2872 proverbe
851 2816 910 2861 nvait

57 2876 90 2920 les
112 2873 184 2917 bords
203 2875 234 2917 du
249 2873 321 2917 fleuve
339 2875 458 2927 Meandre,
513 2875 590 2919 donne
605 2875 651 2919 lieu
668 2874 682 2918 a
697 2875 719 2918 la
738 2875 842 2920 locution
858 2877 910 2922 sui-

56 2935 172 2996 passuient
191 2951 251 2992 pour
267 2936 342 2995 parler
357 2951 389 2979 un
407 2951 460 2998 grec
513 2947 579 2980 vante
592 2954 597 2982 :
612 2953 682 2996 scopae
709 2936 803 2996 soture,
820 2940 912 2985 homme

57 2999 248 3056 tris-corrumpe.
514 2999 542 3043 de
566 2998 624 3046 rien.
652 3018 664 3040 o
686 3001 713 3046 L.
727 3001 839 3046 cesarem
863 3000 913 3045 vidr

89 3066 113 3105 2.
130 3060 218 3104 Phdtae
231 3058 345 3119 clypeum.
357 3062 388 3104 Le
400 3059 460 3104 bou-
515 3079 528 3102 α
544 3061 667 3105 Minturnis
680 3077 734 3106 cum
747 3059 923 3106 absurdissimis

57 3123 113 3167 oller
127 3120 192 3180 place
202 3136 244 3179 pur
258 3121 349 3167 Phidias
360 3138 389 3167 au
405 3121 462 3183 pied
518 3142 532 3167 o
544 3123 674 3181 mundatis,
682 3118 944 3185 nontxoxuxoempsbt

54 3185 84 3227 dc
100 3183 122 3226 lu
138 3191 213 3227 statne
231 3184 260 3228 de
272 3184 389 3248 Minerve,
404 3188 464 3232 dans
524 3206 540 3230 ι
555 3202 643 3247 scopus
668 3185 773 3229 solutus·
787 3197 804 3219 v
825 3178 963 3233 mmm*

42 3242 218 3290 leParthdnon.
529 3254 627 3298 Letum
642 3249 657 3294 ὶι
672 3247 790 3296 Atticus,
803 3239 884 3291 ἪΧ,
901 3234 960 3272 ‘m

867 3327 903 3360 W
