2070 3524
432 208 564 258 ORATOR.
892 213 921 251 w

72 345 127 406 pro
148 327 235 382 causa
254 322 457 401 Ctesiphontis.
484 326 548 382 Jam
565 322 636 382 illud
653 323 790 397 medium,
810 323 923 401 quoties

36 414 46 426 ⁸
72 419 144 491 vult,
158 417 271 496 arripit,
285 428 314 475 et
324 437 342 474 a
354 415 521 494 gravissimo
533 416 683 477 discedens
694 418 729 477 ed
741 417 923 497 potissimum

73 511 228 572 delabitur.
254 510 399 568 Clamores
421 523 518 568 tamen
539 523 600 569 tum
622 523 729 583 movet,
754 524 782 570 et
805 525 864 569 tum
892 509 924 568 in

74 605 199 665 dicendo
226 602 382 683 plurimum
413 601 523 675 efficit,
555 624 643 682 quum
671 602 818 681 gravitatis
853 604 924 663 locis

74 699 176 758 utitur.

115 792 173 852 Sed
185 790 221 850 ab
238 791 459 871 hocparumper
470 791 620 866 abeamus;
637 791 870 870 quandoquidem
887 792 925 850 de

75 906 194 966 genere,
205 905 263 944 nou
270 887 306 944 de
316 885 805 966 hominequaerimus3reipotiirs‚id
815 898 858 944 est
867 884 926 944 elo·

77 979 305 1061 quentiaevimet
315 993 446 1038 naturam
456 978 724 1058 explicemus.lllud
732 980 926 1057 tamen,quod

74 1072 136 1155 jam
146 1073 211 1131 ante
220 1071 354 1147 diximus,
366 1071 672 1146 meminerimus,uihil
681 1065 926 1150 nospraecipiendi
959 1145 962 1149 ἢ

78 1171 167 1225 causa
177 1184 239 1225 esse
250 1165 389 1236 dicturos,
403 1177 488 1242 atque
498 1166 539 1223 ita
552 1165 648 1244 potiris
659 1178 785 1238 acturos,
800 1177 832 1222 ut
848 1163 927 1223 exis·

41 1318 45 1325 ,
79 1259 226 1317 timatores
243 1257 391 1316 videamur
409 1256 500 1335 loqui,
523 1277 582 1316 non
597 1257 737 1334 magistri.
758 1261 792 1314 ln
810 1276 868 1334 quo
882 1271 927 1314 ta-

78 1373 146 1412 men
157 1350 271 1428 longius
284 1350 498 1430 progredimur,
511 1350 589 1427 qudd
605 1349 737 1408 videmus
759 1369 818 1407 non
828 1361 856 1408 te
866 1349 929 1407 haec

79 1446 172 1505 solum
196 1463 258 1502 esse
282 1443 436 1516 lecturum,
457 1442 507 1519 qui
530 1463 564 1500 ea
583 1440 684 1513 multd,
701 1444 786 1519 quam
799 1462 863 1515 nos,
879 1443 928 1519 qui

80 1536 164 1616 quasi
184 1536 290 1594 docere
309 1534 468 1607 videamur,
494 1534 601 1593 habeas
620 1534 750 1614 notiora;
782 1533 832 1592 sed
853 1533 930 1591 hunc

51 1652 54 1657 ·
80 1630 198 1706 librum,
222 1627 335 1686 etiamsi
364 1627 460 1685 miniis
483 1632 582 1686 nostra
606 1625 866 1700 commendatione,
880 1638 930 1684 tuo

81 1736 178 1783 tamen
185 1719 302 1780 nomine
315 1719 474 1796 divulgari¹
488 1741 605 1780 necesse
617 1733 670 1780 est.

64 1966 66 1969 ’
83 1964 135 2014 Des
146 1959 345 2014 connaissances
357 1960 487 2030 generales
498 1958 655 2012 necessaires
664 1963 678 2010 a
688 1960 812 2012 l’orateur
825 1959 930 2031 parfait.

208 2039 379 2110 Dialectique,
394 2039 576 2110 philosophie,
592 2038 674 2107 droit,
688 2039 807 2095 histoire.

123 2221 219 2278 XVII.
231 2221 300 2275 Esse
312 2216 400 2296 igitur
409 2216 538 2294 perfecte
551 2214 712 2293 eloquentis
724 2228 795 2295 puto
804 2237 862 2274 non
870 2238 934 2276 eam

84 2311 178 2370 solum
196 2309 360 2370 facultatem
374 2309 493 2380 habere,
509 2327 573 2386 quae
589 2308 625 2367 sit
641 2309 702 2382 ejus
721 2307 850 2389 propria,
873 2311 935 2368 susa

84 2405 199 2482 lateque
223 2403 350 2475 dicendi,
373 2403 424 2460 sed
436 2401 522 2460 etiam
533 2401 655 2460 vicinam
673 2401 734 2483 ejus
747 2414 831 2479 atque
845 2403 935 2462 finiti-

85 2516 175 2567 mam,
191 2495 409 2554 dialecticorum
427 2494 576 2553 scientiam
589 2515 745 2556 assumere.
763 2501 934 2574 Quanquam

85 2590 164 2649 aliud
186 2588 302 2649 videtur
318 2589 412 2647 oratio
426 2607 500 2658 esse,
516 2587 594 2647 aliud
608 2588 776 2668 disputati0,
793 2609 845 2647 nec
859 2588 935 2647 idem

86 2783 137 2830 tiou
146 2782 235 2829 bizarre
244 2782 277 2826 du
287 2781 340 2828 titre
349 2798 414 2846 grec:
425 2780 485 2847 Περὶ
539 2783 619 2840 lation,
628 2782 742 2843 repandre
753 2800 759 2828 :
774 2801 786 2825 ι(
794 2781 883 2826 Fimum
893 2786 937 2827 Au·

86 2845 293 2911 παραπρεσὸείας,
305 2861 346 2890 sur
358 2845 391 2890 les
403 2846 486 2892 Pre'va·
540 2866 554 2892 α
570 2847 619 2909 gius
639 2861 679 2892 rex
696 2845 721 2890 iu
735 2843 823 2890 Graecid
844 2843 938 2906 excogi-

88 2910 199 2956 ricariona
209 2907 238 2951 dt
247 2906 415 2954 l'Ambcssade.
424 2910 485 2952 Dans
541 2930 554 2954 a
571 2910 629 2954 tasse
636 2907 742 2968 creditur,
752 2906 877 2969 divulgasse
885 2906 938 2950 vero

87 2988 114 3020 oc
125 2971 228 3018 discours
239 2969 391 3016 Demosthene
408 2985 485 3018 accuse
541 2993 554 3016 «
570 2970 678 3020 Hercules
692 2969 717 3014 in
731 2968 803 3016 tulit.
817 2987 830 3011 n
856 2967 936 3028 (Plini,

88 3043 187 3091 Eschine
205 3039 301 3096 d'avoir,
326 3052 413 3084 comme
437 3051 485 3079 um·
540 3033 699 3094 xV11‚1x,o.)
708 3029 941 3097 «Cujusetexstiucti,

80 3105 218 3163 hassedeur,
232 3102 293 3149 trahi
304 3100 337 3147 les
351 3100 445 3148 iutdrdts
457 3099 486 3144 dc
543 3119 557 3144 u
571 3111 669 3163 propter
679 3088 958 3150 damnaueruntmxwx-

85 3180 109 3225 ι,
119 3166 263 3226 republiquc.
547 3186 562 3210 ι(
580 3176 635 3230 gata
645 3160 773 3218 veturium
780 3153 816 3198 ud
827 3143 977 3202 212)qu&

112 3234 276 3296 berengari,
286 3235 491 3282 metmeeneircu·
553 3254 568 3278 n
586 3228 745 3279 mutamur.»
759 3201 985 3282 llffilffltxlxtw‘
