2070 3524
418 189 543 236 ORATOR
877 192 904 231 {3

53 303 191 384 podiata,
210 303 307 362 multis
327 303 443 381 quidem
468 302 518 361 illa
541 299 713 382 adjumentis
737 299 904 378 magnisque

53 397 165 469 caruit;
190 397 242 455 sed
264 409 359 456 tamen
379 406 481 455 ornata
507 395 604 455 verbis
629 409 716 474 atque
740 393 903 466 sententiis,

51 484 256 569 ρἰιρῐοτίοτιοιιι1
271 489 373 549 babuit
391 491 421 548 in
452 489 577 569 populo,
597 509 652 548 nec
671 508 830 568 paucorum
854 485 905 566 ju·

54 583 163 643 dicium
189 583 501 663 reprehensionemque
526 582 685 662 pertimuit.
704 586 793 640 itaet
814 579 907 640 doctis

13 716 18 721 -
44 676 221 755 'eloquentia
239 676 406 756 popularis,
432 689 461 734 et
487 675 601 735 disertis
630 675 746 752 elegans
774 673 905 733 doctrina

54 767 158 828 detuit.

15 858 19 865 ’
95 860 224 919 Positum
254 862 291 919 sit
311 861 399 938 igitur
417 859 449 918 in
472 859 593 940 primis,
619 861 697 938 quod
719 860 787 939 pdst
815 862 908 937 magis

55 954 242 1032 intelligetur,
258 953 320 1013 sine
338 953 521 1034 philosophia
541 973 600 1012 non
618 973 703 1032 posse
717 951 805 1032 effici,
821 972 907 1031 quem

55 1040 227 1120 quaerimus,
240 1042 441 1120 eloquentem;
455 1062 514 1102 non
529 1053 561 1100 ut
580 1041 611 1100 in
633 1046 667 1101 ea
689 1054 785 1101 tamen
810 1041 907 1100 omnia

54 1133 124 1207 sint,
136 1134 188 1193 sed
195 1146 228 1194 ut
238 1134 280 1194 sic
290 1132 418 1214 adjuvet,
429 1146 462 1193 ut
472 1135 605 1214 palaestra
619 1134 801 1195 histrionem.
814 1139 907 1193 Parva

56 1225 135 1286 enim
148 1227 260 1305 magnis
281 1248 356 1307 saepe
371 1228 528 1287 rectissime
549 1229 745 1287 conseruntur.
761 1233 834 1287 Nam
852 1248 906 1287 nec

54 1319 142 1380 tatius
162 1340 257 1398 neque
279 1321 422 1400 copiosius
448 1323 486 1381 de
512 1321 623 1399 magnis
652 1321 795 1400 variisque
820 1321 907 1380 rebus

56 1413 118 1472 sine
131 1413 433 1497 philosophitpotest
456 1415 608 1494 quisquam
630 1414 740 1475 dicere.
760 1414 906 1492 Siquidem

56 1504 145 1565 etiam
163 1505 194 1564 in
210 1508 332 1566 Phaedro
346 1505 495 1579 Plutonis²
513 1509 570 1565 hoc
583 1505 724 1565 Periclem
741 1504 907 1584 praestitisse

55 1598 161 1673 ceteris
177 1599 248 1658 dicit
268 1599 433 1659 oratoribus
458 1603 606 1671 Socrates,
633 1598 713 1676 quod
739 1597 764 1656 is
786 1602 906 1656 Anaxa·

57 1691 158 1770 gorae³
182 1691 294 1771 physici
319 1691 405 1751 luerit
428 1692 566 1751 auditor:
586 1713 603 1750 a
623 1711 682 1770 quo
710 1703 808 1750 censet
828 1710 905 1766 eum,

91 1898 114 1940 l.
131 1893 292 1948 lactationem,
300 1892 385 1940 favour.
396 1890 458 1938 Cici-

58 1968 103 2000 ron
116 1952 214 2014 emploie
224 1953 348 1999 volontiers
358 1970 383 2000 ce
393 1970 456 2000 sens:

59 2035 74 2060 α
88 2018 164 2074 Quum
177 2015 282 2062 homines
296 2032 319 2061 se
330 2032 376 2061 non
385 2018 456 2076 jacta·

60 2095 74 2122 α
87 2079 152 2124 tione
163 2077 278 2138 populari,
294 2078 333 2123 sed
347 2077 459 2140 dignitate

61 2158 75 2183 ιι
88 2149 157 2201 atque
167 2139 299 2185 innocentii
305 2140 434 2186 tuebantur.
445 2159 457 2183 u

62 2202 135 2263 (Pour
146 2201 370 2259 Cluentius,xxxv.)
388 2219 401 2244 ι(
414 2202 457 2245 At-

11 2288 17 2295 ·
61 2282 75 2308 n
89 2279 135 2323 que
147 2263 186 2309 hie
199 2262 286 2323 primus
300 2272 333 2309 est
346 2262 420 2308 aditus
429 2262 459 2307 ad

61 2344 76 2370 ιι
89 2326 224 2386 popularem
234 2324 379 2385 jactationem
391 2334 459 2386 atque

61 2405 76 2432 c
89 2402 213 2435 ascensum.
237 2405 250 2430 u
276 2386 335 2447 (Des
354 2387 460 2448 re‘ponses

61 2448 249 2510 doaharuspicer,
265 2449 319 2508 xx.)

93 2516 116 2558 2.
134 2512 165 2557 In
174 2510 269 2557 Phaedro
278 2510 391 2556 Platonis.
409 2507 460 2557 1Ιᾶ-

63 2589 106 2623 σαι
115 2573 172 2623 ὅσοι
184 2573 286 2636 μεγάλαι
297 2576 344 2620 τῶν
357 2574 457 2633 τεχνῶν,

64 2635 225 2699 προσδέονται
252 2632 396 2696 ἀδολεσχίας
419 2633 460 2683 καί

64 2695 257 2759 μετεωρολογίας
276 2696 372 2759 φύσεως
390 2696 459 2760 πέρι·

64 2758 154 2822 τὸγὰρ
172 2758 309 2821 ὑψηλόνουν
327 2762 402 2807 τοῦτο
418 2759 460 2806 καί

63 2822 92 2869 τό
105 2820 185 2877 πάντη
199 2820 367 2883 τελεσιουργόν
380 2819 459 2869 ἔοικεν

64 2882 172 2931 incedite
184 2883 257 2931 ιιοθεν
273 2883 384 2930 εἰσιέναι·
397 2881 461 2930 huod

64 2943 184 3009 Περικλῆς
191 2943 251 3008 πρὸς
256 2948 290 3006 τῷ
300 2945 388 3005 εὐφυὴς
398 2943 460 2993 εἶναι

65 3006 196 3064 ἀκτήσατο.
221 3006 373 3070 Προσπεσὼν
400 3007 456 3068 γὰρ,

65 3066 144 3146 οἶμαι,
169 3067 273 3130 τοιούτῳ
298 3067 349 3144 ὄντι
367 3065 462 3122 Ἀναξα-

65 3129 463 3255 tttt:„tttttltttittlh

511 1892 595 1948 ἀνοίας
607 1891 758 1956 ἀφικόμενος,
767 1885 800 1940 ὧν
813 1891 842 1949 δὴ
853 1893 908 1955 πέρι

511 1954 553 2003 τὸν
569 1955 647 2004 πολὺν
666 1955 738 2015 λόγον
753 1955 860 2003 ἐποιεῖτο
877 1952 908 2002 'A-

511 2019 661 2079 ναξαγόρας,
674 2017 782 2066 ἐντεῦθεν
796 2015 907 2064 εἵλκυσεν

512 2079 552 2128 tut
570 2083 613 2135 τὴν
632 2083 679 2126 τῶν
695 2080 771 2142 λόγων
784 2079 869 2141 τέχνην
880 2078 908 2125 τὸ

512 2142 651 2204 πρόσφορον
662 2141 733 2203 αὐτῇ.

544 2207 567 2249 ³.
591 2206 747 2261 Anaxagorae.
771 2203 908 2263 Anaxagore

512 2263 541 2308 de
554 2262 699 2310 clazomtues
707 2262 743 2308 fut
755 2263 777 2307 le
790 2265 869 2307 maltre
880 2263 909 2307 de

512 2323 616 2373 Pericles.
625 2325 645 2370 ll
653 2341 666 2368 a
678 2323 758 2370 merite
771 2323 909 2384 qu’Aristote

511 2387 588 2431 rendit
602 2386 630 2432 de
642 2385 675 2431 lui
683 2402 708 2433 ce
717 2386 820 2450 glorieux
829 2384 909 2430 temoi·

513 2464 585 2512 gnage
606 2466 611 2494 :
633 2467 647 2491 ι(
666 2449 748 2506 Quand
774 2448 910 2494 unhomme

512 2512 626 2570 proclama
640 2526 694 2574 que,
708 2527 796 2557 comme
809 2511 865 2555 dans
877 2509 909 2555 les

512 2573 628 2634 animam,
641 2573 658 2617 il
671 2589 687 2633 y
698 2574 758 2618 avait
767 2575 823 2618 daus
835 2572 857 2616 la
870 2588 909 2615 na-

512 2643 562 2680 ture
573 2650 618 2681 nne
634 2635 785 2697 intelligence‚
802 2648 867 2680 cause
880 2634 909 2679 de

511 2696 687 2759 l’arrangement
717 2705 740 2742 et
769 2697 798 2742 de
824 2694 910 2740 l’ordra

512 2758 632 2818 universel‚
660 2768 695 2805 cet
724 2760 817 2804 homme
841 2766 911 2818 parnt

512 2821 559 2865 seul
568 2820 630 2881 jouin
648 2822 715 2867 desa
732 2821 817 2876 raison,
831 2836 861 2865 vu
877 2819 910 2864 les

513 2882 654 2955 divagationis
664 2884 692 2928 de
706 2899 740 2928 ses
752 2881 909 2928 devanciers.»

513 2947 578 2990 tussi
587 2960 622 2990 ses
631 2945 745 3007 discip'nq
753 2945 808 2989 daus
816 2945 865 2989 leur
871 2944 910 2987 ad·

514 3006 644 3063 miration,
674 3008 695 3052 le
713 3006 909 3052 *inruommtrent

513 3072 579 3130 νοῦς,
588 3067 682 3128 Ρσερνὶι.
697 3071 789 3115 Socrate
802 3076 826 3114 et
839 3064 907 3114 Euri-

513 3130 570 3192 pide
590 3129 683 3176 auaient
700 3130 763 3176 suuni
780 3128 935 3194 sulegon&

520 3200 558 3243 On
571 3193 618 3241 cite
629 3193 700 3239 deluit
714 3207 751 3236 uu
762 3184 945 3246 ouutugffieqx
