2070 3524
110 314 152 357 uu
411 299 415 307 ·
460 297 592 346 emron.

106 408 183 470 modi
203 425 299 470 tamen
317 411 449 484 infautia,
466 424 511 483 ut,
531 414 564 469 ed
579 409 630 488 qui
652 422 787 485 utantur,
808 430 869 470 non
883 412 954 470 stulti

104 504 235 563 homines
246 504 348 563 haberi
357 506 479 582 possint,
493 503 579 562 etiam
592 504 769 584 plerumque
784 504 953 583 prudentes;

105 618 162 676 quo
180 598 230 676 qui
250 610 292 655 est
312 610 473 669 contentus,
502 609 610 657 utatur.
636 598 785 675 Eloquens
806 598 889 670 verd,
911 595 955 673 qui

104 711 162 748 non
186 690 409 769 approbationes
433 690 548 761 solum,
572 691 625 748 sed
647 689 869 763 admirationes,
898 690 954 747 cla-

105 804 210 856 mores,
230 784 360 864 plausus,
380 784 404 842 si
429 784 526 856 liceat,
556 802 677 843 movere
699 783 802 857 debet,
827 783 955 843 omnibus

99 889 220 958 oportet
236 877 276 936 ita
289 878 375 936 rebus
392 864 524 950 exceliat,
539 888 572 935 ut
585 875 613 935 ei
629 889 718 958 turpe
732 876 782 952 sit,
801 877 954 956 quidquam

101 991 150 1035 rut
168 971 292 1051 spectari
306 982 356 1030 aut
372 969 467 1028 audiri
478 969 627 1030 libentius.

440 1213 614 1269 conclusion.

2 1438 13 1452 ,
43 1396 51 1429 ·'
80 1418 84 1427 ¹
144 1397 239 1456 Habes
260 1416 355 1455 meum
374 1397 411 1454 de
432 1408 560 1468 oratore,
577 1399 678 1468 Brute,
699 1396 859 1471 judicium,
881 1398 955 1475 quod

104 1503 153 1549 aut
167 1494 298 1567 sequere,
313 1488 338 1548 si
356 1488 547 1568 probaveris;
566 1501 617 1546 aut
635 1500 685 1546 tuo
709 1488 811 1560 stabis,
836 1489 862 1548 si
879 1489 954 1547 aliud

103 1585 249 1662 quoddam
267 1594 310 1640 est
329 1592 421 1640 tuum.
445 1585 478 1639 In
501 1599 672 1659 quousque
692 1580 833 1660 pugnabo
850 1595 954 1653 tecum,

103 1697 196 1755 neque
210 1677 266 1734 hoe
280 1695 388 1746 meum,
403 1676 440 1733 de
454 1694 511 1752 quo
525 1686 605 1733 tanto
616 1693 707 1753 opere
720 1675 777 1733 hoc
788 1674 865 1733 libro
880 1696 954 1734 asse·

102 1770 213 1842 veravi,
230 1789 358 1845 unquam
377 1769 526 1826 affirmabo
545 1787 608 1827 esse
624 1766 745 1839 verius,
758 1771 848 1845 quam
862 1781 953 1827 tuum.

102 1867 199 1923 Potest
218 1860 294 1920 enim
314 1881 374 1920 non
385 1861 478 1920 solum
492 1861 572 1920 aliud
585 1859 658 1942 mihi
670 1880 704 1918 ac
721 1859 787 1934 tibi,
808 1864 863 1921 sed
875 1863 954 1920 mihi-

102 1970 160 2016 met
186 1955 243 2036 ipsi
264 1954 343 2013 aliud
362 1954 433 2013 alias
450 1953 555 2013 videri.
583 1957 642 2013 Nec
667 1954 698 2012 in
721 1954 776 2012 hac
802 1956 891 2014 modi)
912 1976 953 2027 re,

101 2070 165 2129 quae
185 2050 223 2106 ad
240 2045 320 2122 vulgi
341 2065 488 2104 assensum
511 2058 631 2126 spectat,
653 2058 682 2105 et
707 2047 746 2105 ad
766 2048 884 2107 aurium
901 2070 953 2107 vo-

100 2142 252 2221 luptatem,
269 2159 333 2217 quae
354 2139 414 2196 duo
437 2141 561 2198 suntad
582 2138 774 2213 judicandum
795 2141 952 2214 levissima,

101 2237 152 2294 sed
168 2255 204 2294 ue
217 2233 248 2292 in
272 2231 404 2291 maximis
425 2230 544 2309 quidem
566 2233 652 2291 rebus
673 2230 837 2312 quidquam
860 2235 954 2294 adhuc

100 2327 198 2386 inveni
226 2325 354 2398 firmius,
378 2326 456 2402 quod
479 2337 630 2396 tenerem,
654 2337 704 2383 aut
730 2325 790 2403 qud
812 2326 953 2399 judicium

100 2439 197 2478 meum
211 2418 376 2496 dirigerem,
393 2419 480 2495 quam
495 2417 538 2489 id,
555 2417 760 2496 quodcumque
779 2419 854 2478 mihi
869 2424 953 2498 quim

100 2511 276 2571 simillimum
291 2510 370 2569 veri¹
384 2510 542 2581 videretur,
556 2530 646 2587 quum
658 2510 755 2590 ipsum
765 2511 840 2569 illud
852 2534 953 2571 verum

99 2605 130 2663 in
146 2604 258 2663 occulto
278 2604 392 2662 lateret.
410 2608 453 2661 Tu
472 2615 571 2662 autem
593 2603 693 2675 velim,
713 2601 738 2661 si
758 2603 814 2662 tibi
829 2626 877 2677 ea,
891 2626 947 2684 qua

100 2697 245 2779 disputata
264 2709 342 2768 sunt,
366 2695 460 2753 minus
476 2696 676 2774 probabuntur
689 2696 715 2769 ²,
730 2709 764 2755 ut
786 2693 840 2757 aut
863 2699 946 2779 majus

131 2939 153 2979 l.
172 2931 320 2977 simillimum
335 2930 389 2978 veri.
403 2927 499 2976 ctetron
555 2929 643 2991 (Voyez
661 2929 684 2975 la
703 2930 792 2993 Notiee)
809 2947 858 2992 que
871 2937 946 2980 Brutut

99 2995 186 3042 retient
194 3005 289 3039 souveut
303 3011 314 3038 a
326 3003 385 3039 cette
397 2992 499 3038 doctrine
552 2993 576 3037 n’
578 3009 631 3052 app.
623 3007 695 3037 :ouva
707 3008 748 3051 pas
758 2993 792 3038 les
802 2993 867 3041 idees
879 3012 947 3056 expo

98 3061 126 3104 de
140 3059 162 3102 la
178 3058 282 3101 nouvelle
297 3054 425 3113 Academia,
441 3054 498 3115 quil
552 3054 600 3100 sies
611 3055 689 3100 dansl’
691 3056 799 3100 Orateur.
810 3059 849 3102 On
860 3059 949 3103 litdans

98 3121 147 3166 lunt
167 3135 190 3165 se
208 3128 326 3164 eontenter
342 3121 374 3164 du
392 3116 497 3162 vraisem·
552 3115 689 3162 uuelettre'a
700 3117 789 3162 Atticus
798 3120 873 3179 (xlv
880 3121 924 3181 xx)
932 3121 950 3166 le

92 3182 181 3232 hlable
437 3205 439 3209 >
550 3194 642 3239 passage
651 3178 761 3224 suivant
777 3198 791 3222 α
803 3181 946 3243 Quinetiam,

115 3252 139 3291 2.
158 3244 243 3291 Annus
250 3243 424 3303 probibentur.
431 3244 501 3291 Nous
557 3220 950 3309 uquumlpsiuspredmuspanead

73 3323 159 3355 carons
173 3327 223 3375 par
248 3314 352 3359 Cicerou
373 3308 425 3357 lui·
425 3308 504 3357 meme
563 3308 684 3359 reduetus,
691 3299 967 3356 sempsissemadeumde
