2070 3524
90 258 119 299 Μ
450 255 583 300 ORATOR.

91 370 316 450 reprehendunt,
338 369 475 447 quodeas
489 369 599 428 litteras
616 380 697 428 tanto
713 387 806 447 opere
826 369 940 447 fugerit,

90 464 143 523 etsi
154 464 231 522 idem
244 463 380 540 magister
399 463 461 542 ejus
481 467 631 522 Isocrates.
653 466 693 521 At
712 482 774 521 non
798 462 941 540 Thucydi·

90 560 164 616 des:
186 577 223 615 ne
239 555 288 613 ille
311 557 440 632 quidem,
470 557 547 614 haud
569 556 657 634 paulo
687 555 784 631 major
808 556 940 636 scriptor,

90 650 188 721 Plato;
204 669 258 708 nec
272 649 363 707 solhm
378 650 409 707 in
422 649 468 708 his
488 649 678 720 sermonibus,
691 649 743 727 qui
763 649 886 729 διάλογοι
898 650 939 709 di·

90 756 205 817 cuntur,
217 742 268 801 uhi
278 743 364 801 etiarn
384 745 422 801 de
442 742 583 801 industrio
593 743 624 802 id
635 743 802 801 iaciendum
814 742 879 818 tuit,
894 744 939 803 sed

90 837 119 895 in
130 835 264 915 populari
277 836 406 895 oratione
414 835 436 909 ¹,
453 841 510 912 qud
522 855 585 893 mos
599 847 642 895 est
655 835 777 894 Athenis
788 836 902 895 laudari
913 837 939 895 in

91 930 228 989 concione
239 950 305 1000 eos,
321 929 371 1008 qui
389 928 446 986 sint
459 929 488 987 in
510 928 617 1008 praeliis
646 928 892 1010 interiecti3quae
903 930 939 990 sic
980 1004 985 1011 Ι

89 1024 211 1103 probata
226 1035 279 1095 est,
292 1033 325 1079 ut
337 1041 399 1080 eam
413 1021 578 1098 quotannis,
590 1032 623 1079 ut
636 1021 702 1096 scis,
717 1023 768 1082 ilto
782 1023 832 1083 die
845 1024 858 1058 ²
873 1023 940 1083 reci·

89 1117 145 1175 tari
155 1134 272 1174 necesse
291 1115 337 1173 sit.
356 1119 390 1171 In
411 1118 446 1172 et
459 1126 501 1173 est
515 1114 618 1173 crebra
628 1113 682 1172 ista
695 1135 803 1175 vocum
823 1136 939 1177 concur·

90 1208 143 1282 sio,
160 1227 246 1285 quam
261 1211 366 1284 magna
383 1227 420 1266 ex
448 1219 530 1286 parte
544 1219 576 1265 ut
598 1206 730 1267 vitiosam
749 1210 826 1290 fugit
838 1216 939 1271 Demo·

89 1301 213 1360 sthenes.

129 1394 184 1455 Sed
199 1392 292 1452 Graeci
312 1393 450 1466 viderint3
465 1393 559 1469 nohis,
570 1414 607 1471 ne
617 1394 640 1452 si
648 1393 798 1472 cupiamus
812 1396 936 1474 quidem,

89 1486 249 1545 distrahere
261 1506 348 1545 voces
368 1486 546 1545 conceditur.
574 1485 705 1544 Indicant
728 1487 939 1550 orationesillc

88 1581 158 1659 ipsae
168 1578 323 1638 horridulae
337 1579 467 1653 Catonis;
483 1579 613 1638 indicant
628 1600 727 1638 omnes
739 1594 846 1660 poetas,
868 1604 939 1664 prae·

89 1687 133 1732 ter
149 1694 209 1744 cos,
222 1673 283 1751 qui,
305 1686 337 1732 ut
353 1694 468 1733 versum
489 1673 627 1750 iacerent,
652 1693 727 1752 saepe
754 1674 878 1736 hiabant
891 1701 898 1738 :
911 1690 939 1737 nt

87 1765 213 1837 Naevius,

142 1879 208 1944 Vos,
221 1878 269 1949 qui
282 1878 399 1932 accolitis
410 1878 528 1932 Histrum
540 1878 652 1931 fluvium
665 1890 744 1948 atque
756 1881 884 1952 algidam.

89 1995 125 2049 Et
141 1990 261 2061 ibidem,

140 2104 228 2169 Quam
242 2121 377 2174 nunquam
391 2104 468 2158 vobis
480 2104 555 2158 Graii
569 2118 646 2175 atque
660 2105 780 2161 Barbari.

87 2225 124 2275 At
142 2214 250 2274 Ennius
268 2216 366 2287 semel,

140 2329 229 2402 Scipio
240 2329 383 2395 invicte‚...

88 2445 122 2499 Et
137 2441 254 2519 quidem
269 2441 347 2513 nos³‚

139 2555 198 2608 Hoc
213 2567 287 2608 motu
300 2553 428 2607 radiantis
440 2555 532 2608 Etesiae
545 2556 574 2609 in
588 2555 656 2610 vada
669 2555 793 2627 ponti...

87 2721 98 2745 a
116 2703 250 2757 cluduntur3
272 2709 295 2747 et
321 2716 486 2760 nonnunquam
542 2703 630 2748 dausle
645 2700 774 2748 Mineruiae
792 2713 840 2749 met
854 2705 942 2750 dantia

87 2782 100 2806 ι
116 2766 191 2809 hiulca
204 2769 270 2810 etiam
288 2763 378 2817 decent,
391 2762 487 2808 iaciunt·
541 2765 629 2810 houohe
640 2763 758 2824 d'Aspasie
767 2780 799 2810 un
810 2766 877 2829 iloge
889 2767 943 2813 (ΡΑ-

87 2845 99 2867 «
116 2840 161 2886 que
184 2826 294 2885 ampliora
319 2825 434 2887 quaedam,
463 2835 488 2870 ut
540 2827 619 2872 thonos
636 2837 659 2873 et
681 2827 721 2873 des
737 2826 853 2890 guerriers
870 2838 943 2875 murts

86 2904 100 2929 a
116 2887 219 2933 Pulchra
230 2888 487 2932 orationeactdomnino
540 2905 599 2949 pour
610 2890 632 2935 la
648 2889 727 2950 patrie.

87 2966 100 2990 «
115 2947 213 3012 jactare.
232 2950 292 2995 Tum
306 2950 381 3011 longae
395 2965 437 3009 pcr
453 2966 485 3008 se,
572 2957 595 2996 2.
610 2952 659 2997 1210
672 2951 748 3009 die‚it
767 2952 857 3014 chaque
875 2953 941 2999 anni-

87 3019 140 3055 «et
158 3011 220 3055 velut
240 3011 322 3070 opimae
339 3011 430 3071 syllabas
448 3012 488 3057 ali-
540 3013 645 3060 versaire.

89 3072 175 3133 cquid
196 3071 264 3118 etiarn
286 3072 356 3118 medii
378 3074 488 3134 temporis
572 3083 595 3122 3.
607 3080 639 3123 Et
659 3077 749 3138 quidem
770 3092 820 3123 nos.
843 3077 942 3125 ciatron

87 3154 100 3179 α
115 3135 177 3181 inter
189 3135 286 3193 vocales,
304 3134 369 3196 quasi
380 3136 487 3183 intersis-
540 3148 660 3199 emprunte
673 3140 694 3185 le
712 3152 763 3184 vers
774 3138 816 3200 qui
829 3139 878 3185 suit
890 3140 905 3185 it
918 3156 943 3187 sa

86 3215 101 3241 a
115 3206 182 3258 tatur,
198 3208 300 3245 sumunt.
316 3217 330 3242 u
539 3200 673 3247 traduction
686 3202 720 3245 du
729 3205 814 3260 qoima
824 3202 944 3259 damus,

107 3266 132 3309 4.
144 3262 263 3327 Populati
273 3265 390 3313 cranone.
405 3264 490 3314 Platon
548 3264 582 3310 ier
592 3260 757 3312 sermnem.
