2062 3510
431 107 563 155 ORATOR.
882 114 909 154 tr

59 222 261 281 tautummodo
279 220 458 281 adversarios
471 223 556 300 figet,
575 241 629 280 neo
649 240 699 281 eos
716 233 813 280 tamen
834 242 910 281 sem·

56 335 124 395 per,
147 334 202 373 nec
215 333 331 388 omnes,
351 334 404 373 nec
421 316 500 373 omni
517 317 616 375 modo.
638 315 748 388 Quibus
766 315 910 395 exceptis,

56 408 102 468 sie
119 420 220 467 utetur
232 407 290 466 sale
307 419 336 466 et
350 407 470 481 facetiis,
487 420 518 465 ut
532 428 586 485 ego
595 428 632 467 ex
644 407 707 467 istis
716 409 800 467 novis
811 408 912 467 Atticis

55 503 147 561 talem
160 501 349 578 cognoverim
366 501 522 573 neminem,
540 522 629 579 quum
642 501 672 559 id
685 503 762 560 certe
775 501 813 561 sit
824 505 911 581 quim

56 595 188 655 maxime
203 595 339 653 Atticum.

100 690 187 745 Hunc
207 707 261 766 ego
279 686 381 767 judico
404 688 527 745 lo'rmam
547 686 691 746 summissi
711 688 846 763 oratoris,
861 692 909 748 sed

57 779 160 857 magni
178 791 273 839 tamen
289 793 318 839 et
332 780 463 858 germani
478 781 566 839 Attici
582 803 589 839 :
607 779 755 858 quoniam,
773 779 910 859 quidquid

56 886 102 933 est
116 872 225 931 salsum
238 886 289 931 aut
304 873 419 932 salubre
430 874 461 932 in
472 873 614 948 oratione,
630 873 661 932 id
674 874 826 953 proprium
840 874 911 934 Atti-

56 953 161 1025 corum
174 979 230 1039 est,
247 966 381 1044 equibus
396 980 492 1025 tamen
504 987 563 1025 non
579 985 681 1025 omnes
696 967 792 1026 faceti.
812 967 911 1043 Lysias

57 1057 129 1119 satis
140 1072 171 1119 et
180 1059 381 1139 Hyperides¹3
395 1062 535 1119 Demades
545 1063 555 1095 ¹
568 1074 674 1139 praeter
686 1071 797 1118 ceteros
808 1055 908 1120 sertui.

58 1152 271 1212 Demosthenes
287 1151 381 1211 minbs
396 1154 534 1227 babetur3
551 1174 610 1232 quo
623 1153 740 1230 quidem
753 1153 824 1212 mihi
839 1153 909 1212 nihil
947 1190 950 1195 -

57 1247 179 1305 videtur
201 1245 370 1304 urbanius:
392 1248 443 1304 sed
466 1266 524 1303 non
547 1259 606 1305 tam
629 1247 714 1305 dicax
736 1247 800 1318 fuit,
825 1250 909 1324 quim

10 1402 12 1406 ,
57 1340 182 1397 facetus.
195 1342 247 1397 Est
260 1350 357 1397 autem
368 1337 440 1397 illud
452 1338 572 1396 acrioris
584 1337 705 1415 ingenii,
720 1337 776 1397 hoc
792 1339 911 1413 majoris

57 1444 141 1492 artus.

322 1550 324 1554 y
358 1577 402 1627 Du
415 1576 481 1648 style
493 1576 618 1647 tempere.

99 1757 181 1813 XIV.
207 1751 335 1811 Uberius
355 1765 399 1810 est
416 1752 495 1811 aliud
518 1752 723 1832 aliquantisque
748 1754 911 1824 robustius,

59 1850 150 1925 quam
169 1845 228 1903 hoo
245 1844 371 1916 humile,
394 1847 431 1904 de
451 1865 511 1924 quo
529 1846 636 1904 dictum
659 1857 715 1920 est,
737 1842 914 1905 summissius

94 2069 117 2110 4.
134 2060 273 2123 Hyperides.
297 2063 339 2108 Cet
364 2072 463 2120 orateur,
520 2063 580 2109 c’est
593 2078 675 2108 enoore
692 2061 726 2107 lui
744 2062 792 2122 qui,
798 2062 916 2170 tzurrlques

61 2123 240 2183 contemponiu
253 2125 281 2169 de
304 2123 464 2181 Demosthene,
518 2125 600 2169 anne‘es
627 2124 713 2184 apris,
746 2139 769 2169 se
827 2141 914 2186 argee,

61 2185 125 2232 avait
138 2184 329 2248 suivilesloeons
344 2187 467 2231 d'lsoerate
519 2195 657 2245 moyennant
680 2184 735 2245 cinq
759 2185 848 2242 tulents,
868 2186 917 2229 d’u·

63 2248 127 2295 etde
139 2246 467 2306 Platou5adversaireobstini
519 2246 593 2307 paiser
619 2248 640 2293 le
663 2263 777 2294 courroux
796 2247 917 2294 d’Alexan-

63 2311 104 2356 cles
117 2308 291 2366 Maobdoniens,
308 2311 324 2355 il
339 2309 374 2357 lut
384 2309 468 2355 livre’a
520 2310 569 2368 dre,
589 2319 613 2356 et
631 2309 712 2356 re‘ussit
735 2310 790 2356 daus
803 2320 862 2356 cette
875 2325 916 2355 en·

64 2371 187 2432 Antipater
204 2372 270 2432 apris
286 2373 308 2416 la
325 2371 415 2417 hatuillo
439 2372 468 2416 de
519 2371 623 2432 treprise.
645 2374 680 2417 En
701 2377 746 2420 ³⁰⁹
760 2374 778 2418 il
794 2372 828 2418 lut
841 2372 884 2418 mis
903 2371 915 2416 ir

63 2437 165 2491 Cranen,
186 2443 211 2478 et
236 2449 278 2478 son
298 2434 359 2479 eruel
378 2432 468 2479 eunemi
519 2443 580 2479 mort
593 2434 916 2496 parCassundre,filsd‘Anti-

64 2497 142 2542 donna
161 2495 249 2541 l’ordre
266 2496 295 2540 de
314 2495 346 2541 lui
364 2496 469 2540 urrachor
520 2506 592 2556 pater,
618 2497 675 2557 qu'il
701 2496 761 2541 avait
782 2497 917 2542 abandonui

64 2559 85 2604 lu
103 2559 140 2603 lan
159 2572 188 2603 ue
199 2565 267 2602 avant
280 2556 309 2602 de
325 2557 348 2604 le
360 2556 469 2603 mettre'a
520 2574 579 2618 pour
589 2560 714 2604 Perdiccas.
727 2558 822 2604 eioeron
835 2557 917 2604 semble

65 2628 127 2666 mort
143 2574 311 2679 iamavuutl.
325 2620 374 2681 C.).
521 2619 551 2666 ici
575 2620 630 2666 faire
650 2620 746 2666 allusion
766 2619 780 2665 ὲ
802 2629 860 2666 oette
876 2621 916 2666 re-

98 2687 122 2726 2.
139 2680 263 2726 Demades.
283 2682 380 2728 Orateur
391 2698 468 2742 popu·
521 2697 593 2742 poure
622 2683 651 2728 de
676 2683 832 2743 Theophrasto
862 2682 915 2743 qui,

65 2742 131 2801 luite,
153 2742 204 2804 qui,
223 2743 252 2788 de
270 2742 350 2803 simple
366 2745 467 2801 matelot,
521 2745 638 2807 interrege
651 2761 690 2790 sur
702 2745 724 2790 le
736 2745 815 2791 merite
828 2746 857 2791 de
870 2746 917 2791 Do-

66 2805 159 2865 parviut
176 2821 222 2850 aux
241 2805 365 2864 premieres
377 2806 470 2868 charges
521 2806 637 2853 mosthene
658 2816 682 2853 ot
707 2807 735 2853 de
754 2808 861 2866 Demade,
880 2808 918 2853 re·

66 2868 130 2913 dela
144 2865 290 2927 republique.
310 2867 361 2913 Fuit
377 2867 469 2928 prison·
521 2868 617 2928 ponduit
644 2884 650 2911 ε
673 2886 687 2911 e
711 2869 863 2916 De'mosthene
886 2878 920 2914 ost

66 2929 117 2975 nior
139 2928 153 2974 lt
171 2928 297 2987 Chironee,
315 2928 385 2974 illut
403 2930 470 2975 truite
521 2930 591 2992 digne
615 2930 643 2977 de
661 2947 684 2976 su
701 2931 755 2978 ville
775 2940 802 2978 et
819 2931 930 2976 hemam

67 3008 109 3053 pur
128 2990 237 3051 Philippo
261 3006 316 3036 aveo
337 3006 382 3037 une
402 2991 469 3039 bieu-
524 2993 697 3042 astuti-(lessus
715 2995 749 3041 bo
761 2992 868 3040 ΝΜ.
881 2991 953 3030 uh*

66 3053 174 3101 voillauoe
193 3061 257 3099 toute
267 3054 428 3117 particulihre,
449 3068 474 3107 et
529 3059 708 3124 posterithuia
726 3073 777 3120 W
797 3046 922 3101 muhrm'e
941 3056 973 3086 ω

18 3134 21 3139 ·
55 3114 207 3181 ιἰιὴεὶιηιι
225 3117 289 3179 parti
304 3122 474 3175 maidonien.
534 3127 680 3194 iugemeut·
