2070 3524
131 195 173 235 ιιι
487 180 618 235 orlatele

130 302 267 383 quoniam
293 303 364 362 nihil
386 304 424 361 ad
445 322 507 361 rem
528 316 583 375 est,
601 315 748 381 postrema
766 321 806 360 an
822 302 914 381 longa
935 303 980 362 sit.

130 405 194 457 Jam
207 418 303 477 paeon,
317 396 397 474 qudd
410 395 509 476 plures
521 395 628 454 haheat
643 395 779 472 syllabas,
801 399 894 474 quim
913 411 981 468 tres,

130 511 267 550 numerus
278 511 295 548 a
306 489 489 567 quibusdam,
502 507 561 547 non
571 508 623 566 pes
635 487 773 548 habetur.
786 493 838 548 Est
852 489 980 567 quidem,

130 599 163 644 ut
173 585 250 643 iuter
261 602 361 642 omnes
375 594 489 640 constat
502 581 649 659 antiquos,
667 581 871 654 Aristotelem,
892 583 981 641 Theo·

129 678 293 756 phrastum‚
313 675 520 746 Theodectem,
535 675 695 753 Ephorum,
713 696 790 734 unus
812 675 981 754 aptissimus

130 768 255 828 orationi
268 768 314 827 vel
328 767 434 827 orienti
446 766 493 825 vel
506 766 628 824 mediae:
645 760 750 846 putant
763 767 808 826 illi
828 768 919 827 etiam
933 789 981 827 ca-

129 861 222 934 denti,
238 881 297 939 quo
311 861 376 919 loco
397 859 469 917 mihi
480 859 595 918 videtur
608 859 705 939 aptior
718 859 857 920 creticus.
883 862 981 920 Doch-

130 954 204 1013 mius
235 967 354 1025 autem,
378 973 394 1011 e
414 951 542 1030 quinque
569 951 704 1028 syllabis,
737 951 842 1023 brevi,
869 953 982 1012 duabus

129 1046 238 1124 longis,
259 1046 354 1117 brevi,
379 1046 476 1122 longai,
497 1058 530 1103 ut
551 1043 672 1116 esther,
694 1042 835 1102 «Amicos
862 1055 980 1116 tenes‚»

129 1140 233 1216 quovis
255 1139 319 1197 loco
341 1151 427 1217 aptus
450 1150 516 1210 est,
539 1138 609 1195 dum
624 1137 710 1195 semel
732 1149 864 1215 ponatur
895 1158 902 1197 ι
925 1137 983 1196 ite-

130 1245 210 1291 ratus
232 1244 282 1290 aut
302 1231 498 1307 continuatus,
518 1249 671 1288 numerum
695 1240 831 1308 apertum
846 1242 878 1289 et
896 1230 983 1288 nimis

129 1326 270 1403 insignem
304 1324 383 1385 facit.
413 1323 462 1383 His
492 1323 582 1400 igitur
611 1335 654 1381 tot
688 1321 980 1396 commutationibus,

129 1434 248 1497 tamque
271 1418 371 1493 uariis,
395 1417 419 1476 si
442 1430 569 1488 utemur,
582 1435 636 1473 nec
664 1415 904 1493 deprehendetur
918 1437 983 1474 ma·

129 1512 246 1583 nilestd,
261 1510 332 1588 quid
350 1531 367 1569 a
380 1509 464 1568 nobis
478 1511 514 1568 de
530 1507 672 1567 industrie
689 1508 750 1579 fiat,
766 1519 795 1566 et
808 1523 984 1568 occurretur

130 1604 266 1664 satietati.

168 1708 205 1760 Et
218 1701 286 1778 quia
307 1721 366 1760 non
383 1721 504 1759 numero
519 1700 612 1758 soldm
632 1717 787 1757 numerosa
806 1699 917 1772 oratio,
933 1703 985 1760 sed

130 1805 160 1851 et
172 1791 381 1870 compositione
389 1793 435 1863 fit,
449 1804 479 1850 et
492 1810 598 1868 genere
611 1790 704 1869 (quod
720 1789 913 1850 antedictum
927 1791 984 1870 est)

130 1884 348 1959 concinnitatis;
372 1885 583 1964 compositione
604 1897 700 1963 potest
725 1883 864 1960 intelligi,
891 1905 984 1962 quum

130 1978 171 2037 ita
191 1991 301 2038 structa
319 1978 410 2037 verba
436 1991 514 2049 sunt,
537 1992 570 2037 ut
590 1997 728 2036 uumerus
750 1997 810 2036 non
831 1978 984 2056 quaesitus,

136 2072 187 2129 sed
202 2071 265 2149 ipse
285 2083 400 2128 secutus
419 2090 481 2128 esse
493 2070 638 2144 videatur,
661 2084 692 2129 ut
713 2071 791 2149 apud
814 2073 952 2130 Crassum
976 2096 982 2131 :

139 2191 153 2219 α
163 2167 237 2223 Nam
252 2162 302 2222 ubi
316 2163 416 2223 lubido
431 2164 605 2238 dominatur,
615 2163 786 2223 innocentiae
802 2163 867 2223 leve
881 2167 984 2244 praesi-

136 2259 215 2317 dium
226 2271 280 2317 est.
289 2258 390 2317 »Ordo
405 2257 481 2317 enim
494 2258 647 2316 verborum
662 2256 749 2316 eflicit
758 2276 914 2316 numerum
923 2260 986 2318 sine

136 2352 195 2409 ulla
207 2356 309 2429 aperte
327 2351 450 2410 oratoris
468 2350 623 2409 industria.
637 2354 739 2428 Itaque
753 2349 778 2408 si
791 2369 855 2428 quae
870 2366 985 2412 veteres

139 2546 190 2577 aere
203 2547 235 2576 un
247 2529 349 2591 chapitre
359 2531 433 2577 entier
448 2531 532 2577 *acette
576 2531 616 2580 de
631 2547 674 2576 son
693 2539 774 2593 temps,
786 2547 818 2576 on
835 2535 986 2596 oommenpait

137 2592 243 2654 question
258 2594 298 2639 dee
305 2592 373 2654 piade
387 2601 410 2638 et
424 2593 455 2637 du
471 2609 533 2638 nom·
586 2594 619 2639 les
630 2593 736 2654 periodos
748 2609 790 2652 par
802 2594 824 2639 le
836 2610 905 2654 peon
915 2597 984 2643 seul:

137 2656 185 2703 bre.
199 2658 277 2714 Quart
286 2672 316 2701 au
328 2671 403 2717 paeon,
416 2654 453 2700 a’il
466 2657 488 2700 le
499 2672 533 2700 re·
586 2657 637 2704 Νῦν
660 2656 756 2719 μὲνοῦν
773 2659 880 2720 χρῶνται
897 2662 934 2720 τῷ
953 2659 986 2707 ἑνὶ

137 2719 281 2774 eommande,
298 2719 413 2778 e'estque
429 2717 532 2777 copied,
586 2721 667 2767 παιᾶνι
692 2719 733 2766 καὶ
759 2719 899 2783 ἀρχόμενοι.
926 2721 986 2765 Mais

137 2777 241 2842 etranger
256 2780 269 2825 it
283 2781 304 2825 la
322 2779 407 2840 poesie,
424 2794 447 2824 se
464 2780 534 2825 cache
586 2781 650 2825 telon
673 2779 722 2832 lui,
745 2780 766 2824 le
786 2796 853 2841 paeon
877 2783 987 2841 compost

136 2841 189 2900 plus
202 2843 328 2887 laeilement
339 2844 395 2887 dans
411 2843 432 2887 la
445 2857 514 2902 prose
526 2860 532 2887 ι
586 2841 654 2887 d’une
666 2842 752 2906 longae
763 2850 786 2887 et
798 2842 827 2888 de
840 2844 899 2888 trois
908 2843 988 2890 breves

137 2903 167 2950 ot
191 2903 233 2964 μὲν
258 2906 325 2953 ἄλλοι
347 2905 450 2969 ἀφετέοι,
472 2904 533 2953 διότι
586 2904 804 2951 oommeueemieux
818 2904 840 2949 la
855 2905 948 2965 phrase,
966 2915 986 2952 et

138 2964 259 3047 perpetui·
277 2967 327 3013 ὁδὲ
341 2967 414 3016 παιὰν
422 2967 531 3026 ληπτέος.
585 2967 607 3011 le
620 2969 691 3012 meme
701 2967 754 3028 pied
766 2967 875 3026 composi
888 2968 918 3014 de
930 2968 986 3013 trois

142 3027 195 3076 Απὸ
213 3027 287 3091 μόνου
303 3029 348 3089 γὰρ
360 3029 407 3077 οὐκ
423 3028 477 3079 ἔστι
488 3030 532 3090 με’-
585 3029 663 3074 breves
674 3039 697 3074 et
711 3029 779 3075 d'une
793 3029 880 3093 longus
896 3029 918 3074 la
934 3030 987 3075 finit

135 3106 192 3153 τρον
214 3093 262 3139 τῶν
287 3090 401 3153 ῥηθέντων
427 3092 531 3155 ῥυθμῶν,
585 3091 669 3139 mienx.
685 3091 705 3136 ll
717 3101 751 3137 est
761 3090 814 3135 bien
829 3092 932 3137 entendu
941 3107 986 3152 qne

131 3152 197 3201 ὥστε
200 3154 312 3226 μάλιστα
323 3151 457 3203 λανθάνειν.
469 3153 533 3200 aris-
589 3169 627 3199 sur
635 3152 777 3223 deparellles
786 3151 917 3210 ultumum,
926 3169 986 3200 nou

121 3217 295 3265 totedrtmtme
302 3216 473 3282 positivement
481 3232 539 3280 que,
593 3230 626 3263 ne
636 3227 746 3276 pontons
756 3226 804 3271 que
812 3211 983 3258 ueneremur.
