2062 3510
421 120 550 169 ORATOR.
881 122 910 166 ³7

60 240 127 311 Sed,
143 247 176 294 ut
194 233 381 294 antedictum
395 250 448 310 est,
464 236 495 293 in
508 236 554 293 bis
573 235 722 314 partibus,
742 235 795 294 etsi
808 255 911 313 graves

60 344 147 410 atque
169 348 280 406 magnae
304 341 387 400 sunt,
418 328 512 386 minus
534 339 563 386 et
585 328 654 386 artis
675 340 718 386 est
742 340 771 386 et
792 328 909 390 laboris.

59 428 155 498 Quum
180 435 287 494 autem,
313 423 383 499 quid
409 434 438 480 et
466 442 525 499 quo
553 420 618 479 loco
645 420 735 494 dicat,
756 421 909 498 invenerit,

59 518 133 577 illud
155 529 199 576 est
223 517 307 592 longe
332 515 500 587 maximum,
521 515 635 589 videre,
654 534 781 593 quonam
810 515 908 574 modo,

28 604 31 609 ¹
59 609 171 670 Scitum
197 619 239 666 est
262 606 355 678 enim,
383 607 461 683 quod
486 607 666 665 Carneades¹
691 618 790 665 noster
814 606 910 664 dicere

59 701 189 773 solebat,
206 699 432 759 Clitomachum²
449 701 550 758 eadem
569 701 678 773 dicere,
696 700 884 758 Charmadam
900 700 909 732 ⁸

60 809 161 857 autem
178 795 279 855 eodem
294 792 379 852 etiam
399 795 486 851 modo
501 794 610 854 dicere.
631 791 715 866 Qubd
729 793 753 851 si
767 795 797 851 in
813 793 904 871 pbilo-

60 890 165 970 sophiat
185 891 296 946 tantum
318 886 457 958 interest,
479 886 723 963 quemadmodum
745 884 841 955 dicas,
864 889 910 942 ubl

60 1003 107 1043 res
119 993 280 1063 spectatur,
296 1000 356 1038 nou
367 980 454 1038 verba
466 982 635 1059 penduntur
649 1004 655 1039 :
670 979 742 1058 quid
753 981 868 1039 tandem
881 988 908 1039 in

59 1076 156 1135 causis
179 1073 402 1133 existimandum
428 1064 489 1145 est,
521 1072 625 1151 quibus
653 1073 719 1131 totis
745 1073 912 1133 moderatur

60 1168 172 1227 oratio?
197 1166 282 1240 Quod
305 1167 422 1243 quidem
445 1185 518 1242 ego,
540 1171 642 1236 Brute,
668 1186 706 1224 ex
731 1166 788 1224 tuis
810 1164 911 1227 litteris

60 1259 237 1332 sentiebam,
257 1277 317 1316 non
340 1269 369 1316 te
387 1257 418 1316 id
429 1258 550 1331 scitari,
571 1258 687 1334 qualem
710 1277 765 1335 ego
780 1258 810 1316 in
827 1259 904 1316 inve·

60 1353 169 1414 niendo
182 1365 211 1410 et
223 1352 254 1409 in
266 1351 436 1410 collocando
450 1370 595 1408 summum
609 1370 671 1409 esse
686 1363 833 1410 oratorem
846 1351 914 1408 vel-

61 1448 131 1519 lem,
144 1447 196 1506 sed
205 1444 237 1504 id
250 1444 321 1502 mihi
333 1463 464 1522 quaerere
474 1442 622 1519 videbare,
634 1445 711 1520 quod
722 1464 812 1523 genus
824 1442 914 1521 ipsius

61 1538 199 1600 orationis
219 1537 362 1617 optimum
384 1537 572 1611 judicarem:
593 1557 655 1596 rem
680 1535 842 1611 difficilem,
867 1536 913 1595 Dii

61 1632 254 1693 immortales!
268 1645 355 1709 atque
368 1632 499 1690 omnium
509 1628 720 1690 difficillimam.
733 1632 807 1688 Nam
820 1649 911 1708 quum

62 1741 104 1786 cst
114 1726 209 1785 oratio
224 1724 329 1797 mollis,
343 1735 372 1783 et
386 1736 498 1796 tenera,
514 1724 593 1782 etita
606 1722 751 1793 flexibilis,
766 1734 798 1780 ut
809 1742 909 1801 sequa-

62 1828 120 1890 tur,
140 1812 324 1893 qudcumque
342 1823 494 1891 torqueas;
517 1826 578 1871 tum
598 1823 629 1871 et
648 1825 759 1871 uaturae
779 1813 866 1869 variae
887 1821 914 1871 et

62 1909 224 1968 voluntates
233 1905 356 1964 multlrm
365 1907 441 1965 inter
451 1925 481 1965 se
490 1904 627 1964 distantia
638 1903 799 1963 effecemnt
807 1923 914 1981 genera

62 1999 188 2060 dicendi.
203 1998 324 2057 Flumen
338 1998 400 2057 aliis
414 1999 570 2057 verborum
585 1997 811 2075 volubilitasque
830 1997 913 2056 cordi

62 2105 117 2164 est,
139 2092 191 2169 qui
209 2102 320 2170 ponunt
333 2089 365 2148 in
383 2091 522 2149 orationis
537 2091 685 2151 celeritate
706 2090 912 2169 eloquentiam.

62 2185 208 2244 Drstincta
226 2181 298 2240 alios
322 2195 352 2240 et
373 2182 555 2264 interpuncta
571 2184 737 2259 intervalla,
757 2204 846 2241 morae
865 2204 916 2242 re-

62 2274 467 2357 spirationesque‚delectant.
482 2276 559 2350 Quid
566 2288 661 2355 potest
671 2294 733 2333 esse
747 2288 806 2333 tam
815 2274 915 2333 diver·

63 2375 149 2430 sum?
160 2380 257 2427 tamen
272 2378 316 2427 est
332 2367 362 2426 in
375 2383 500 2447 utroque
512 2368 622 2446 aliquid
634 2368 789 2428 excellens.
807 2367 915 2426 Elabo-

63 2475 127 2521 rant
142 2461 191 2521 alii
212 2460 243 2519 in
264 2460 398 2536 lenitate,
420 2474 449 2519 et
470 2460 673 2539 aequabilitate,
693 2474 722 2520 et
735 2481 809 2540 puro
832 2461 915 2540 quasi

65 2557 189 2634 quodam
203 2567 232 2614 et
246 2554 369 2613 candido
382 2573 488 2633 genere
503 2554 629 2614 dicendi.
644 2559 720 2613 Ecce
734 2553 822 2631 aliqui
836 2554 916 2612 duri-

66 2663 166 2720 tatem,
182 2662 211 2708 et
232 2636 416 2708 severitatem
431 2649 586 2726 quamdam
600 2646 707 2719 verbis,
729 2659 758 2705 et
777 2646 916 2705 orationis
1009 2643 1017 2660 ⁹

90 2816 113 2852 t.
129 2806 251 2862 Carneade,
268 2805 313 2850 ami
324 2805 352 2850 de
366 2805 461 2851 ciceron
517 2809 538 2854 Il
550 2807 637 2870 dirigea
649 2806 784 2853 l’Aoademie
793 2806 807 2852 b
817 2806 918 2853 mutnet

65 2869 129 2915 etde
142 2871 235 2925 Brutus,
249 2868 268 2912 il
283 2883 312 2913 nc
328 2867 463 2928 lantperte
518 2870 546 2917 dc
561 2877 605 2916 tto
619 2870 633 2915 la
645 2876 687 2914 tto
702 2886 738 2914 av.
749 2874 770 2915 J.
781 2871 808 2916 C.

64 2930 193 2977 conlondro
203 2945 257 2976 avec
269 2930 290 2976 le
303 2928 424 2976 londnteur
435 2929 464 2976 do
549 2936 573 2975 3.
599 2931 748 2988 Charmadas,
780 2930 918 2992 philosophe

64 2993 236 3040 delanonvello
250 2991 378 3038 Academie.
516 2992 677 3042 academicien.
712 2993 816 3040 (lichaon
844 2993 930 3035 tandm

96 3061 120 3100 2.
135 3055 285 3116 Clitomaqne,
296 3051 467 3118 Cardiaginois,
521 3070 603 3104 eonnn
610 3071 643 3103 en
654 3055 756 3115 tate-,tt
764 3061 841 3100 mxc
849 3062 950 3094 mmet«

60 3116 156 3177 dr'acr'ple
172 3114 204 3165 dn
220 3114 325 3179 premier
338 3118 470 3166 Carneade.
527 3119 645 3170 millena
653 3117 774 3169 mbmtbw
