2070 3524
428 164 559 210 ORATOR.
873 175 916 214 403

10 268 28 319 ’-
65 274 151 332 debet
165 275 269 334 oratio
283 276 359 350 Quin
371 296 425 354 ego
438 276 510 355 ipse,
525 298 614 355 quum
627 278 731 338 scirem
742 281 782 339 ita
792 281 916 354 majores

66 365 179 426 locutos
193 386 270 442 esse,
286 379 319 426 ut
331 388 491 447 nusquam,
507 366 564 426 nisi
576 369 607 428 in
624 371 727 442 vocali,
743 371 917 451 aspiratione

10 488 13 493 ·
67 471 227 534 uterentur,
249 461 391 539 loquebar
404 461 445 520 sic
459 475 492 521 ut
513 489 527 515 α
543 464 669 542 pulcros,
686 491 700 519 η
723 493 737 520 α
751 470 882 544 Cetegos,
898 493 912 520 a

65 579 81 607 ιι
97 551 273 632 triumpos¹,
287 580 301 608 e
321 555 550 635 «Carthaginem
565 582 579 609 »
594 557 720 617 dicerem
729 582 738 632 ;
748 559 914 637 aliquando,

65 645 152 725 idque
165 647 241 726 sero,
258 649 388 707 convicio
402 649 536 725 aurium²
550 671 640 728 quum
652 665 765 711 extorta
779 652 851 710 mihi
864 673 915 712 ve·

10 812 13 817 ,
64 740 134 799 ritas
147 753 233 816 esset,
244 762 327 800 usum
341 742 479 820 loquendi
493 742 602 822 populo
617 745 757 819 concessi,
767 746 915 805 scientiam

64 834 135 892 mihi
154 835 314 893 reservavi.
337 861 350 887 α
372 834 532 894 Orcivios»
548 849 645 895 tamen
661 850 690 896 et
707 864 721 890 α
740 843 881 911 Matones,
898 865 911 891 >2

68 952 81 979 α
96 925 237 1000 Otones¹,
250 952 264 979 n
282 928 465 1006 «Caepiones,
479 954 493 981 »
508 956 521 982 α
534 930 679 1008 sepulcra,
695 956 709 983 »
730 957 743 984 «ι
759 951 911 1003 coronas,»

67 1020 256 1100 «lacrymas,
280 1047 293 1074 s
322 1020 462 1094 dicimus,
484 1023 552 1102 quia
574 1044 627 1102 per
649 1024 760 1082 aurium
774 1023 915 1103 judicium

63 1133 178 1194 semper
194 1113 272 1173 licet.
296 1141 310 1167 α
326 1119 450 1173 Burrum
462 1141 476 1167 u
492 1136 606 1195 semper
623 1117 750 1190 Ennius,
765 1137 915 1197 nunquam

66 1233 79 1259 α
102 1207 271 1283 Pyrrhum3
294 1233 308 1261 ι
338 1235 351 1260 α
379 1207 408 1265 vi
433 1209 632 1288 patefecerunt
656 1213 784 1289 Bruges,
814 1235 829 1262 »
856 1231 914 1269 non

66 1326 79 1352 <c
96 1299 238 1381 Phryges,
252 1328 264 1352 »
277 1299 366 1380 ipsius
378 1301 489 1378 antiqui
501 1303 649 1360 declarant
662 1302 729 1360 iibri
746 1325 753 1361 z
770 1324 823 1361 nec
837 1303 913 1362 enim

61 1393 912 1469 Graecamlitteram¹adhibebant3nuneautemetiamduas³3

61 1498 90 1544 et
103 1505 192 1564 quum
209 1512 223 1538 α
236 1485 383 1564 Phrygum
396 1513 410 1539 ι
422 1499 451 1544 et
464 1488 577 1565 [quum]
595 1486 804 1566 «Phrygibus»
817 1487 913 1546 dicen-

60 1695 90 1740 de
99 1693 239 1757 χαρίζομαι,
252 1692 316 1738 avoir
325 1694 354 1739 de
364 1692 384 1738 la
394 1709 457 1738 com-

59 1755 182 1816 plaisance.
193 1757 230 1801 Ou
241 1754 275 1800 dit
288 1756 343 1800 dans
353 1755 374 1801 le
385 1757 459 1801 meme

59 1832 112 1864 sens
122 1818 257 1878 morigerus.
270 1816 355 1875 Plaute,
369 1817 394 1862 lc
403 1821 459 1863 cor-

60 1880 139 1936 baille,
153 1881 174 1938 1,
185 1895 221 1938 ιιι,
232 1885 259 1924 27
269 1897 275 1924 ι
286 1898 298 1922 «
311 1883 377 1925 Facta
387 1879 459 1924 mori-

61 1957 134 2005 «gere
142 1951 177 1987 est
181 1939 241 1986 viro.
250 1961 262 1983 »
268 1941 364 1988 Ciceron
371 1942 460 1987 de‘com-

59 2003 458 2065 posevolontierseetteexpression:

60 2085 74 2110 α
82 2067 168 2112 Geram
179 2065 223 2111 tibi
232 2081 327 2124 morem,
341 2077 364 2112 et
375 2082 400 2111 ea
410 2082 461 2126 qua

60 2127 130 2184 «vis,
149 2137 175 2173 ut
192 2137 287 2188 potero,
306 2128 433 2189 explicabo.
446 2147 459 2170 n

63 2189 228 2252 (Tusculanas,
244 2191 263 2248 1,
277 2191 324 2252 rx.)

92 2261 116 2298 ι.
137 2251 241 2308 Pulcros,
255 2253 361 2313 Cetegos,
378 2252 460 2296 trium-

58 2330 115 2377 μοι,
134 2323 179 2359 etc.
201 2314 265 2358 Cette
286 2313 461 2375 pronunciation

60 2374 156 2422 affeetee
177 2374 291 2438 indignait
315 2391 397 2422 encore
417 2376 460 2421 Ca-

62 2438 124 2486 tulle.
150 2439 188 2483 On
210 2437 303 2483 oonnait
325 2447 384 2484 cette
410 2437 460 2497 e'pi-

61 2499 460 2562 grammecontrebrriusmchom-

62 2561 157 2607 «moda
190 2560 298 2619 dicebat,
326 2560 345 2606 si
369 2563 461 2622 quando

63 2623 211 2668 «commoda
234 2623 300 2669 vellet
325 2622 415 2683 Dicere,
440 2633 463 2669 et

62 2703 77 2728 rr
88 2683 201 2730 binsidias
215 2684 294 2732 Arrius
310 2683 420 2745 insidias;
433 2688 463 2730 Et

63 2766 76 2790 ι(
87 2757 139 2792 tum
152 2744 247 2793 mirifice
260 2747 365 2807 sperabat
377 2763 400 2793 se
414 2763 462 2793 esse

62 2828 76 2852 a
89 2809 201 2864 loentum,
213 2811 288 2867 Quum
299 2810 408 2869 quantiam
419 2825 462 2869 po-

62 2890 77 2915 «
88 2879 150 2917 terat
162 2869 252 2916 dixerat
262 2870 286 2915 hi
315 2870 379 2927 'dias
387 2872 462 2917 Credo

63 2952 77 2978 c
90 2932 125 2979 sic
137 2942 221 2991 mater,
234 2932 267 2978 sic
281 2933 296 2979 l'
314 2932 347 2992 er,
356 2949 462 2978 vavuncu-

63 2995 128 3040 ‹chm
146 2995 206 3054 ejus,
222 2994 259 3041 Sic
312 3005 391 3041 ternus
411 3010 464 3040 avus

40 3056 52 3134 j
62 3076 78 3103 a
92 3056 184 3102 dixerat
194 3066 262 3118 atque
271 3046 327 3103 adii.
336 3059 386 3103 Hoc
396 3057 463 3102 misso

63 3138 78 3163 «ι
92 3117 119 3163 in
130 3117 231 3178 Syrium,
246 3118 376 3185 requierant
389 3119 463 3164 omni-

64 3178 135 3231 «bns
150 3196 229 3242 aures,-
251 3182 369 3259 Affiibarrt
386 3183 466 3231 eadem

512 1693 586 1740 «haee
606 1691 688 1738 leniter
711 1703 735 1739 et
756 1692 844 1739 leviter.
864 1695 913 1740 Nee

512 1773 526 1798 α
538 1754 582 1800 sibi
600 1754 689 1815 postilla
710 1755 840 1801 metuebant
861 1755 912 1800 talin

512 1836 526 1860 α
538 1817 618 1875 verba,
634 1821 710 1876 Quum
723 1817 799 1862 subitb
816 1817 913 1863 affertur

513 1898 523 1922 ι
537 1878 628 1924 nuntius
635 1869 759 1937 horribilis,
766 1879 844 1924 Ionios
853 1879 911 1925 fluc-

513 1960 526 1985 v
538 1952 586 1999 tus,
611 1941 808 2002 postquamilluc
826 1940 906 1987 Arrius

513 2023 526 2046 α
540 2005 606 2061 isset,
625 2007 673 2048 Jurn
691 2019 738 2049 non
752 2002 830 2048 Ionios
843 2018 902 2063 esse,

514 2086 526 2109 ι(
541 2067 581 2110 sed
591 2066 695 2111 Hionios.
709 2083 723 2109 n

544 2134 567 2171 2.
591 2129 693 2173 Convicio
718 2128 817 2172 aurium.
846 2129 909 2172 Nous

512 2189 590 2235 disons
610 2191 639 2235 de
656 2190 786 2249 memeque
801 2188 910 2234 certaines

511 2250 778 2311 locutionseoutregenc
807 2250 910 2297 l’oreille.

514 2332 528 2356 «
539 2312 598 2370 Quia
606 2302 736 2379 stippeditat
749 2311 824 2368 nobis,
840 2311 878 2355 ubi
890 2322 913 2357 et

515 2394 526 2418 a
539 2364 630 2420 animai?
637 2390 666 2420 ex
674 2375 719 2420 hoc
725 2373 810 2419 sorensi
816 2373 912 2433 strepitu

515 2457 528 2481 ι(
539 2436 661 2495 reficiatur,
683 2446 707 2482 et
727 2452 791 2483 aures
808 2435 911 2482 convicio
994 2455 997 2460 ·

515 2519 527 2542 ι(
539 2497 805 2559 desessoeconquiescant.
815 2515 828 2540 u
842 2498 913 2559 (Pour

514 2561 622 2616 Archias,
633 2561 679 2622 vr.)

545 2627 568 2668 3.
580 2626 695 2676 Matones,
710 2624 800 2668 Otones.
815 2623 853 2667 On
874 2636 911 2666 re·

513 2684 562 2729 vint
575 2685 626 2745 plus
635 2685 687 2730 tard
700 2682 848 2728 al’ancienne
859 2698 913 2743 pro·

514 2747 646 2792 nonciation
663 2756 686 2792 et
706 2761 737 2790 on
758 2743 838 2790 dcrivit
858 2747 912 2790 Ma-

515 2809 605 2865 thones,
620 2809 728 2860 Othonem·
739 2807 769 2852 de
780 2808 851 2852 meme
868 2823 913 2867 que

515 2887 556 2931 par
569 2869 702 2932 opposition
713 2884 743 2914 on
754 2869 845 2914 retablit
857 2870 913 2914 dana

514 2949 547 2978 un
563 2933 697 2996 tres-grand
713 2931 809 2977 nombre
824 2933 853 2977 de
865 2947 912 2976 ma·

515 2995 612 3040 nuscrits
621 3005 644 3040 et
659 2993 844 3054 d'inscriptions‚
855 2992 914 3054 pul-

517 3073 562 3112 cer,
572 3056 788 3119 pulcra,yulcrum.
813 3059 815 3065 '

548 3124 571 3164 4.
586 3122 686 3164 Graecam
700 3118 857 3164 liberante
866 3134 896 3175 e.

553 3188 580 3233 b.
594 3183 674 3231 Etiam
686 3178 816 3239 duos,‘u1y
827 3176 887 3218 exne
895 3172 942 3233 ybs
