2062 3510
425 113 558 163 ustrou.
882 104 921 162 ao'

60 246 164 289 evoco
176 237 269 306 ,atque
286 238 376 289 motu.
396 228 482 288 Vocis
500 230 675 289 mutationes
695 231 813 291 totidem
832 247 909 304 sunt,

58 332 132 400 quot
155 317 334 394 animorum,
360 321 410 399 qui
435 323 561 382 maxime
582 345 653 384 voce
679 338 909 386 commoventur.

59 418 162 492 ltaque
172 413 221 472 ille
233 415 390 493 perlectus,
407 435 493 495 quem
506 416 675 490 jamdudum
690 431 789 478 nostra
803 419 911 479 indicat

58 507 165 584 oratio,
180 520 336 587 utcumque
356 528 386 567 se
405 508 540 569 affectum
555 509 645 569 videri
661 523 690 570 et
709 513 837 571 animum
855 535 910 572 au-

57 601 165 662 dientis
189 601 297 660 moveri
322 601 419 681 volet,
444 602 484 662 ita
508 615 619 662 certum
644 604 722 663 vocis
747 607 910 666 admovebit

58 712 178 768 sonum,
199 696 235 753 de
254 714 313 772 quo
333 695 418 774 plura
438 695 581 767 dicerem,
604 696 629 754 si
648 697 704 755 hoc
724 698 909 778 praecipiendi

57 804 176 870 tempus
189 800 273 864 esset,
289 801 340 847 aut
352 787 377 847 si
390 800 423 847 tu
434 789 491 847 hoc
505 809 661 867 quaereres.
675 790 810 849 Dicerem
824 793 908 851 etiam

57 886 95 944 de
105 894 200 962 gestu,
210 902 277 940 cum
288 902 347 960 quo
357 882 473 956 junctus
486 894 529 941 est
543 882 649 959 vultus,
662 883 766 962 quibus
778 885 910 944 omnihus

35 1024 38 1029 .
57 976 116 1036 dici
127 975 177 1034 vix
185 961 281 1055 pdtest
289 969 429 1052 quantum
437 975 551 1034 intersit
559 977 802 1054 quemadmodum
813 990 910 1037 utatur

57 1081 168 1129 orator.
178 1068 252 1126 Nam
265 1078 295 1126 et
305 1067 441 1126 infantes¹
453 1067 574 1127 actionis
587 1067 725 1146 dignitate
739 1069 910 1148 eloquentiae

58 1182 134 1242 saepe
148 1161 276 1221 fructum
289 1160 433 1233 tulerunt,
449 1174 477 1220 et
496 1161 596 1220 diserti
608 1161 791 1221 deformitate
805 1163 909 1240 agendi

57 1255 142 1314 multi
153 1253 279 1313 infantes
294 1254 385 1334 putati
401 1267 482 1328 sunt3
497 1268 531 1312 ut
541 1255 601 1328 jam
615 1275 674 1313 non
686 1255 747 1313 sine
757 1258 842 1314 causi
854 1260 911 1313 De·

57 1349 223 1408 mosthenes
236 1346 370 1406 tribuerit
387 1359 416 1405 et
436 1347 544 1427 primas
563 1360 592 1405 et
604 1349 743 1406 secundas
766 1360 795 1406 et
810 1347 909 1406 tertias

57 1442 176 1503 actioni.
187 1441 217 1498 si
228 1439 306 1499 enim
317 1439 480 1518 eloquentia
491 1440 571 1498 nulla
588 1439 649 1498 sine
660 1439 727 1519 hac²
739 1439 801 1497 haec
813 1452 909 1499 autem

57 1537 120 1595 sine
134 1535 299 1614 eloquentie
312 1546 391 1592 tanta
405 1547 460 1611 est,
476 1534 554 1592 certe
569 1532 727 1612 plurimdm
745 1532 910 1592 indicendo

57 1640 165 1709 potest.

97 1722 182 1782 Volet
194 1720 283 1800 igitur
296 1720 357 1796 ille,
370 1721 420 1800 qui
434 1721 603 1799 eloquentiae
617 1720 811 1800 principatum
825 1724 905 1802 petit,

57 1830 87 1876 et
108 1819 246 1875 contenta
272 1834 343 1872 voce
359 1814 496 1873 atrociter
516 1814 624 1888 dicere,
643 1826 673 1872 et
694 1815 845 1872 summissa
863 1815 908 1874 le·

57 1909 145 1987 niter,
159 1918 189 1966 et
199 1905 336 1965 inclinata
347 1906 440 1966 videri
455 1907 561 1984 gravis,
573 1919 602 1965 et
610 1905 906 1966 inflexamiserabilis.

57 2001 132 2061 Mira
146 2011 191 2059 est
201 1999 278 2058 enim
289 2002 419 2077 quaedam
434 2013 536 2058 natura
549 1999 638 2079 uocis,
663 2001 745 2074 cujus
763 2000 878 2076 quidem
892 2020 908 2058 e

59 2095 152 2154 tribus
170 2093 287 2153 omnino
308 2093 397 2167 sonis,
416 2093 535 2168 inflexo,
554 2104 647 2169 acuto,
669 2091 760 2168 gravi,
777 2104 855 2150 tanta
873 2093 910 2150 sit

59 2200 89 2247 et
102 2200 163 2245 tam
175 2185 269 2245 suavis
279 2187 401 2244 varietas
413 2186 542 2264 perlecta
550 2185 581 2242 in
595 2183 737 2242 cantibus.
752 2189 801 2242 Est
814 2196 909 2243 autem

59 2281 148 2341 etiam
161 2279 192 2339 in
204 2279 324 2340 dicendo
337 2279 455 2356 quidam
469 2290 569 2336 cantus
581 2276 748 2336 obscurior:
762 2296 821 2334 non
832 2275 910 2337 hice

60 2372 221 2453 Phrygiae
232 2372 316 2432 Caria
328 2372 478 2431 rhetorum
491 2371 633 2452 epilogus,
644 2390 726 2449 paene
735 2369 908 2440 cauticum²;

59 2568 162 2615 tribune.
193 2567 277 2628 Quand
308 2566 461 2613 deosthlno
513 2562 675 2626 sensprimitil
693 2564 724 2609 du
742 2571 799 2608 mot.
816 2561 911 2608 Cicdron

59 2629 193 2693 proclamauit
201 2629 360 2691 l'importance
369 2629 398 2674 de
406 2629 460 2674 l’ac-
512 2627 611 2688 emploie
624 2629 696 2672 meme
716 2625 827 2688 iffantior
841 2633 865 2670 et
877 2625 911 2669 irr-

26 2708 30 2715 ‘
60 2693 110 2739 tion
123 2702 147 2739 et
166 2708 208 2739 son
221 2692 340 2739 'influenoe
355 2690 460 2754 deceive,
505 2691 665 2753 fortissimus.

59 2755 117 2801 llne
126 2754 246 2817 prdvoyait
258 2755 327 2818 guero
337 2770 390 2816 que,
403 2769 463 2816 pour
546 2759 569 2798 2.
584 2751 783 2799 Poenecanticum.
794 2753 829 2796 Au
839 2759 909 2810 tempt

59 2833 148 2864 assurer
168 2815 272 2877 l’empire
297 2818 326 2862 de
352 2818 462 2861 l'orateur
514 2815 544 2860 de
557 2814 642 2875 Tacite,
653 2814 675 2860 le
684 2812 914 2876 mauvaisgodtavait

60 2896 99 2925 sur
118 2896 162 2924 son
178 2878 307 2938 unditoirc,
322 2895 353 2923 on
368 2894 462 2939 poussc-
487 2886 489 2929 l
513 2876 645 2938 triompht33
660 2891 685 2922 ce
697 2874 776 2920 n’eteit
787 2891 828 2935 pas
843 2876 913 2922 seule·

60 2942 107 2988 ruit
120 2940 273 2987 lamaniedes
285 2941 462 3003 prdeeptesjus-
487 2974 489 2985 t
514 2948 577 2985 ment
593 2937 740 2983 l'allectation
760 2938 791 2982 du
803 2938 860 2998 style
874 2936 913 2996 qui
980 2945 993 2961 ·

61 3002 119 3066 qn’lt
133 3019 171 3049 ces
183 3002 261 3049 details
274 3003 367 3064 puerils.
516 2999 662 3047 dishonorait
680 2999 835 3060 l‘t'eloquence3
854 3015 915 3058 quur

95 3073 119 3111 t.
133 3067 150 3110 I
150 3065 250 3126 rtfuntet,
266 3066 306 3129 qui
318 3081 348 3113 ne
363 3073 465 3128 peuvent
517 3060 769 3120 seduireluloule,lcs
778 3069 886 3106 oratum
892 3071 935 3099 re-

60 3145 91 3174 ou
111 3143 142 3174 ue
159 3136 238 3173 meent
252 3130 338 3191 parler.
363 3130 426 3178 C'est
443 3129 467 3177 le
521 3127 714 3181 commentum
723 3121 883 3183 moqensxes
896 3116 958 3181 qh*
