<?xml version="1.0" encoding="UTF-8"?>
<!DOCTYPE html PUBLIC "-//W3C//DTD XHTML 1.0 Transitional//EN"
    "http://www.w3.org/TR/xhtml1/DTD/xhtml1-transitional.dtd">
<html xmlns="http://www.w3.org/1999/xhtml" xml:lang="en" lang="en">
 <head>
  <title>
</title>
<meta http-equiv="Content-Type" content="text/html;charset=utf-8" />
  <meta name='ocr-system' content='tesseract 3.04.00' />
  <meta name='ocr-capabilities' content='ocr_page ocr_carea ocr_par ocr_line ocrx_word'/>
</head>
<body>
  <div class='ocr_page' id='page_1' title='image "./orator00aubegoog/orator00aubegoog_0154.png"; bbox 0 0 2070 3524; ppageno 0'>
   <div class='ocr_carea' id='block_1_1' title="bbox 108 281 597 331">
    <p class='ocr_par' dir='ltr' id='par_1_1' title="bbox 108 281 597 331">
     <span class='ocr_line' id='line_1_1' title="bbox 108 281 597 331; baseline -0.008 -2"><span class='ocrx_word' id='word_1_1' title='bbox 108 289 152 331; x_wconf 75' lang='lat' dir='ltr'>att</span> <span class='ocrx_word' id='word_1_2' title='bbox 468 281 597 327; x_wconf 80' lang='lat' dir='ltr'>omrou.</span> 
     </span>
    </p>
   </div>
   <div class='ocr_carea' id='block_1_2' title="bbox 78 394 972 3371">
    <p class='ocr_par' dir='ltr' id='par_1_2' title="bbox 90 394 956 3272">
     <span class='ocr_line' id='line_1_2' title="bbox 146 394 956 476; baseline -0.002 -19"><span class='ocrx_word' id='word_1_3' title='bbox 146 405 292 476; x_wconf 86' lang='lat' dir='ltr'>Quantum</span> <span class='ocrx_word' id='word_1_4' title='bbox 312 408 408 456; x_wconf 87' lang='lat' dir='ltr'>autem</span> <span class='ocrx_word' id='word_1_5' title='bbox 428 394 465 454; x_wconf 90' lang='lat' dir='ltr'>sit</span> <span class='ocrx_word' id='word_1_6' title='bbox 483 408 550 475; x_wconf 90' lang='lat' dir='ltr'>apta</span> <span class='ocrx_word' id='word_1_7' title='bbox 569 394 678 467; x_wconf 86' lang='lat' dir='ltr'>dicere,</span> <span class='ocrx_word' id='word_1_8' title='bbox 697 395 829 474; x_wconf 87' lang='lat' dir='ltr'>experiri</span> <span class='ocrx_word' id='word_1_9' title='bbox 843 396 922 469; x_wconf 90' lang='lat' dir='ltr'>licet,</span> <span class='ocrx_word' id='word_1_10' title='bbox 936 396 956 455; x_wconf 92' lang='lat' dir='ltr'>si</span> 
     </span>
     <span class='ocr_line' id='line_1_3' title="bbox 104 482 956 571; baseline -0.005 -18"><span class='ocrx_word' id='word_1_11' title='bbox 104 505 156 554; x_wconf 88' lang='lat' dir='ltr'>aut</span> <span class='ocrx_word' id='word_1_12' title='bbox 178 490 330 571; x_wconf 89' lang='lat' dir='ltr'>compositi</span> <span class='ocrx_word' id='word_1_13' title='bbox 350 488 474 548; x_wconf 92' lang='lat' dir='ltr'>oratoris</span> <span class='ocrx_word' id='word_1_14' title='bbox 491 489 565 548; x_wconf 90' lang='lat' dir='ltr'>bene</span> <span class='ocrx_word' id='word_1_15' title='bbox 584 482 723 548; x_wconf 84' lang='lat' dir='ltr'>structam</span> <span class='ocrx_word' id='word_1_16' title='bbox 739 488 956 549; x_wconf 83' lang='lat' dir='ltr'>collocationem</span> 
     </span>
     <span class='ocr_line' id='line_1_4' title="bbox 104 580 956 664; baseline -0.006 -17"><span class='ocrx_word' id='word_1_17' title='bbox 104 587 245 647; x_wconf 85' lang='lat' dir='ltr'>dissolvas</span> <span class='ocrx_word' id='word_1_18' title='bbox 257 583 469 664; x_wconf 83' lang='lat' dir='ltr'>permutatione</span> <span class='ocrx_word' id='word_1_19' title='bbox 484 583 641 642; x_wconf 87' lang='lat' dir='ltr'>verborum</span> <span class='ocrx_word' id='word_1_20' title='bbox 653 580 871 662; x_wconf 85' lang='lat' dir='ltr'>(corrumpatur</span> <span class='ocrx_word' id='word_1_21' title='bbox 884 585 956 643; x_wconf 93' lang='lat' dir='ltr'>enim</span> 
     </span>
     <span class='ocr_line' id='line_1_5' title="bbox 108 674 954 748; baseline -0.005 -10"><span class='ocrx_word' id='word_1_22' title='bbox 108 692 168 738; x_wconf 88' lang='lat' dir='ltr'>tota</span> <span class='ocrx_word' id='word_1_23' title='bbox 189 698 246 748; x_wconf 88' lang='lat' dir='ltr'>res,</span> <span class='ocrx_word' id='word_1_24' title='bbox 272 687 354 735; x_wconf 88' lang='lat' dir='ltr'>utet</span> <span class='ocrx_word' id='word_1_25' title='bbox 378 677 439 735; x_wconf 85' lang='lat' dir='ltr'>haee</span> <span class='ocrx_word' id='word_1_26' title='bbox 460 681 559 735; x_wconf 71' lang='lat' dir='ltr'>nostra</span> <span class='ocrx_word' id='word_1_27' title='bbox 581 675 612 734; x_wconf 92' lang='lat' dir='ltr'>in</span> <span class='ocrx_word' id='word_1_28' title='bbox 637 674 809 734; x_wconf 77' lang='lat' dir='ltr'>Corneliana</span> <span class='ocrx_word' id='word_1_29' title='bbox 831 689 861 735; x_wconf 91' lang='lat' dir='ltr'>et</span> <span class='ocrx_word' id='word_1_30' title='bbox 874 677 954 736; x_wconf 88' lang='lat' dir='ltr'>dein-</span> 
     </span>
     <span class='ocr_line' id='line_1_6' title="bbox 103 766 954 851; baseline -0.009 -20"><span class='ocrx_word' id='word_1_31' title='bbox 103 792 171 851; x_wconf 88' lang='lat' dir='ltr'>ceps</span> <span class='ocrx_word' id='word_1_32' title='bbox 199 770 297 828; x_wconf 87' lang='lat' dir='ltr'>omnia</span> <span class='ocrx_word' id='word_1_33' title='bbox 311 790 319 825; x_wconf 85' lang='lat'>:</span> <span class='ocrx_word' id='word_1_34' title='bbox 333 793 347 821; x_wconf 72' lang='grc' dir='ltr'><strong><em>ι</em></strong></span> <span class='ocrx_word' id='word_1_35' title='bbox 362 772 463 846; x_wconf 85' lang='lat' dir='ltr'>Neque</span> <span class='ocrx_word' id='word_1_36' title='bbox 485 787 532 826; x_wconf 91' lang='lat' dir='ltr'>me</span> <span class='ocrx_word' id='word_1_37' title='bbox 554 766 663 826; x_wconf 81' lang='lat' dir='ltr'>diritiae</span> <span class='ocrx_word' id='word_1_38' title='bbox 689 779 826 841; x_wconf 87' lang='lat' dir='ltr'>movent,</span> <span class='ocrx_word' id='word_1_39' title='bbox 855 767 954 844; x_wconf 89' lang='lat' dir='ltr'>quibus</span> 
     </span>
     <span class='ocr_line' id='line_1_7' title="bbox 104 859 952 924; baseline -0.007 0"><span class='ocrx_word' id='word_1_40' title='bbox 104 885 206 924; x_wconf 90' lang='lat' dir='ltr'>omnes</span> <span class='ocrx_word' id='word_1_41' title='bbox 228 861 379 922; x_wconf 81' lang='lat' dir='ltr'>Africanos</span> <span class='ocrx_word' id='word_1_42' title='bbox 397 874 426 920; x_wconf 89' lang='lat' dir='ltr'>et</span> <span class='ocrx_word' id='word_1_43' title='bbox 440 861 542 920; x_wconf 86' lang='lat' dir='ltr'>Laelios</span> <span class='ocrx_word' id='word_1_44' title='bbox 559 859 643 920; x_wconf 84' lang='lat' dir='ltr'>multi</span> <span class='ocrx_word' id='word_1_45' title='bbox 660 859 791 918; x_wconf 86' lang='lat' dir='ltr'>venalitii</span> <span class='ocrx_word' id='word_1_46' title='bbox 813 873 952 918; x_wconf 84' lang='lat' dir='ltr'>mercato·</span> 
     </span>
     <span class='ocr_line' id='line_1_8' title="bbox 104 952 951 1036; baseline -0.007 -18"><span class='ocrx_word' id='word_1_47' title='bbox 104 978 207 1036; x_wconf 86' lang='lat' dir='ltr'>resque</span> <span class='ocrx_word' id='word_1_48' title='bbox 234 960 427 1035; x_wconf 70' lang='lat' dir='ltr'>supererunt3</span> <span class='ocrx_word' id='word_1_49' title='bbox 447 982 460 1007; x_wconf 73' lang='lat' dir='ltr'>n</span> <span class='ocrx_word' id='word_1_50' title='bbox 495 955 616 1013; x_wconf 89' lang='lat' dir='ltr'>immuta</span> <span class='ocrx_word' id='word_1_51' title='bbox 642 952 812 1032; x_wconf 89' lang='lat' dir='ltr'>paululum,</span> <span class='ocrx_word' id='word_1_52' title='bbox 847 966 881 1012; x_wconf 85' lang='lat' dir='ltr'>nt</span> <span class='ocrx_word' id='word_1_53' title='bbox 904 953 951 1024; x_wconf 89' lang='lat' dir='ltr'>sit,</span> 
     </span>
     <span class='ocr_line' id='line_1_9' title="bbox 107 1045 952 1129; baseline 0.001 -25"><span class='ocrx_word' id='word_1_54' title='bbox 107 1076 121 1104; x_wconf 69' lang='grc' dir='ltr'><strong><em>ι</em></strong></span> <span class='ocrx_word' id='word_1_55' title='bbox 137 1050 221 1110; x_wconf 85' lang='lat' dir='ltr'>multi</span> <span class='ocrx_word' id='word_1_56' title='bbox 248 1054 421 1129; x_wconf 70' lang='lat' dir='ltr'>supererunt</span> <span class='ocrx_word' id='word_1_57' title='bbox 448 1061 622 1107; x_wconf 82' lang='lat' dir='ltr'>mercatores</span> <span class='ocrx_word' id='word_1_58' title='bbox 647 1045 847 1124; x_wconf 86' lang='lat' dir='ltr'>venalitiique,</span> <span class='ocrx_word' id='word_1_59' title='bbox 868 1072 882 1100; x_wconf 65' lang='grc' dir='ltr'><strong>ι</strong></span> <span class='ocrx_word' id='word_1_60' title='bbox 900 1066 952 1125; x_wconf 91' lang='lat' dir='ltr'>pe-</span> 
     </span>
     <span class='ocr_line' id='line_1_10' title="bbox 106 1141 952 1219; baseline -0.009 -15"><span class='ocrx_word' id='word_1_61' title='bbox 106 1145 188 1204; x_wconf 86' lang='lat' dir='ltr'>rierit</span> <span class='ocrx_word' id='word_1_62' title='bbox 200 1155 261 1202; x_wconf 87' lang='lat' dir='ltr'>tota</span> <span class='ocrx_word' id='word_1_63' title='bbox 277 1163 338 1215; x_wconf 79' lang='lat' dir='ltr'>res3</span> <span class='ocrx_word' id='word_1_64' title='bbox 353 1153 383 1200; x_wconf 91' lang='lat' dir='ltr'>et</span> <span class='ocrx_word' id='word_1_65' title='bbox 396 1161 460 1219; x_wconf 87' lang='lat' dir='ltr'>quae</span> <span class='ocrx_word' id='word_1_66' title='bbox 474 1153 633 1218; x_wconf 90' lang='lat' dir='ltr'>sequuntur</span> <span class='ocrx_word' id='word_1_67' title='bbox 646 1162 654 1200; x_wconf 74' lang='grc' dir='ltr'><strong>ι</strong></span> <span class='ocrx_word' id='word_1_68' title='bbox 670 1164 685 1194; x_wconf 82' lang='grc' dir='ltr'><strong><em>ι</em></strong></span> <span class='ocrx_word' id='word_1_69' title='bbox 698 1145 798 1218; x_wconf 86' lang='lat' dir='ltr'>Neque</span> <span class='ocrx_word' id='word_1_70' title='bbox 809 1141 897 1200; x_wconf 84' lang='lat' dir='ltr'>vestis</span> <span class='ocrx_word' id='word_1_71' title='bbox 908 1153 952 1197; x_wconf 84' lang='lat' dir='ltr'>aut</span> 
     </span>
     <span class='ocr_line' id='line_1_11' title="bbox 108 1239 952 1313; baseline -0.005 -18"><span class='ocrx_word' id='word_1_72' title='bbox 108 1239 239 1296; x_wconf 79' lang='lat' dir='ltr'>caelatum</span> <span class='ocrx_word' id='word_1_73' title='bbox 260 1254 365 1293; x_wconf 88' lang='lat' dir='ltr'>aurum</span> <span class='ocrx_word' id='word_1_74' title='bbox 389 1245 419 1292; x_wconf 91' lang='lat' dir='ltr'>et</span> <span class='ocrx_word' id='word_1_75' title='bbox 440 1247 604 1313; x_wconf 83' lang='lat' dir='ltr'>argentum,</span> <span class='ocrx_word' id='word_1_76' title='bbox 626 1253 685 1310; x_wconf 91' lang='lat' dir='ltr'>quo</span> <span class='ocrx_word' id='word_1_77' title='bbox 709 1247 823 1292; x_wconf 85' lang='lat' dir='ltr'>nostros</span> <span class='ocrx_word' id='word_1_78' title='bbox 846 1247 952 1292; x_wconf 84' lang='lat' dir='ltr'>veteres</span> 
     </span>
     <span class='ocr_line' id='line_1_12' title="bbox 104 1325 951 1406; baseline -0.002 -18"><span class='ocrx_word' id='word_1_79' title='bbox 104 1330 255 1389; x_wconf 87' lang='lat' dir='ltr'>Marcellos</span> <span class='ocrx_word' id='word_1_80' title='bbox 269 1328 470 1405; x_wconf 86' lang='lat' dir='ltr'>Maximosque</span> <span class='ocrx_word' id='word_1_81' title='bbox 484 1326 568 1386; x_wconf 88' lang='lat' dir='ltr'>multi</span> <span class='ocrx_word' id='word_1_82' title='bbox 581 1325 706 1386; x_wconf 88' lang='lat' dir='ltr'>eunuchi</span> <span class='ocrx_word' id='word_1_83' title='bbox 722 1345 738 1385; x_wconf 88' lang='lat' dir='ltr'>e</span> <span class='ocrx_word' id='word_1_84' title='bbox 752 1327 835 1403; x_wconf 76' lang='lat' dir='ltr'>Syria</span> <span class='ocrx_word' id='word_1_85' title='bbox 846 1332 951 1406; x_wconf 75' lang='lat' dir='ltr'>AEgyp-</span> 
     </span>
     <span class='ocr_line' id='line_1_13' title="bbox 105 1418 950 1503; baseline -0.006 -20"><span class='ocrx_word' id='word_1_86' title='bbox 105 1438 194 1503; x_wconf 91' lang='lat' dir='ltr'>toque</span> <span class='ocrx_word' id='word_1_87' title='bbox 214 1423 358 1495; x_wconf 80' lang='lat' dir='ltr'>vicerunt3</span> <span class='ocrx_word' id='word_1_88' title='bbox 377 1447 390 1475; x_wconf 69' lang='lat' dir='ltr'>a</span> <span class='ocrx_word' id='word_1_89' title='bbox 410 1421 500 1480; x_wconf 88' lang='lat' dir='ltr'>verba</span> <span class='ocrx_word' id='word_1_90' title='bbox 513 1432 647 1499; x_wconf 85' lang='lat' dir='ltr'>permuta</span> <span class='ocrx_word' id='word_1_91' title='bbox 660 1419 713 1491; x_wconf 91' lang='lat' dir='ltr'>sic,</span> <span class='ocrx_word' id='word_1_92' title='bbox 727 1430 760 1477; x_wconf 93' lang='lat' dir='ltr'>ut</span> <span class='ocrx_word' id='word_1_93' title='bbox 774 1418 822 1492; x_wconf 85' lang='lat' dir='ltr'>sit,</span> <span class='ocrx_word' id='word_1_94' title='bbox 845 1444 859 1472; x_wconf 72' lang='grc' dir='ltr'><strong><em>ι</em></strong></span> <span class='ocrx_word' id='word_1_95' title='bbox 874 1421 950 1478; x_wconf 89' lang='lat' dir='ltr'>vice·</span> 
     </span>
     <span class='ocr_line' id='line_1_14' title="bbox 104 1512 948 1592; baseline -0.004 -17"><span class='ocrx_word' id='word_1_96' title='bbox 104 1531 173 1576; x_wconf 86' lang='lat' dir='ltr'>runt</span> <span class='ocrx_word' id='word_1_97' title='bbox 194 1515 348 1575; x_wconf 89' lang='lat' dir='ltr'>eunuchie</span> <span class='ocrx_word' id='word_1_98' title='bbox 364 1515 445 1592; x_wconf 77' lang='lat' dir='ltr'>Syria</span> <span class='ocrx_word' id='word_1_99' title='bbox 462 1517 658 1592; x_wconf 79' lang='lat' dir='ltr'>AEgyptoque3</span> <span class='ocrx_word' id='word_1_100' title='bbox 678 1535 690 1566; x_wconf 76' lang='lat' dir='ltr'>r</span> <span class='ocrx_word' id='word_1_101' title='bbox 713 1512 788 1571; x_wconf 89' lang='lat' dir='ltr'>adde</span> <span class='ocrx_word' id='word_1_102' title='bbox 812 1512 948 1572; x_wconf 90' lang='lat' dir='ltr'>tertium:</span> 
     </span>
     <span class='ocr_line' id='line_1_15' title="bbox 108 1603 950 1687; baseline 0.001 -23"><span class='ocrx_word' id='word_1_103' title='bbox 108 1636 121 1664; x_wconf 75' lang='grc' dir='ltr'>ι</span> <span class='ocrx_word' id='word_1_104' title='bbox 144 1615 244 1687; x_wconf 89' lang='lat' dir='ltr'>Neque</span> <span class='ocrx_word' id='word_1_105' title='bbox 272 1608 343 1668; x_wconf 78' lang='lat' dir='ltr'>vero</span> <span class='ocrx_word' id='word_1_106' title='bbox 373 1620 542 1666; x_wconf 83' lang='lat' dir='ltr'>ornamenta</span> <span class='ocrx_word' id='word_1_107' title='bbox 573 1607 628 1664; x_wconf 88' lang='lat' dir='ltr'>ista</span> <span class='ocrx_word' id='word_1_108' title='bbox 659 1603 811 1686; x_wconf 82' lang='lat' dir='ltr'>villarum,</span> <span class='ocrx_word' id='word_1_109' title='bbox 852 1606 950 1683; x_wconf 87' lang='lat' dir='ltr'>quibus</span> 
     </span>
     <span class='ocr_line' id='line_1_16' title="bbox 103 1698 949 1778; baseline -0.006 -16"><span class='ocrx_word' id='word_1_110' title='bbox 103 1708 137 1762; x_wconf 90' lang='lat' dir='ltr'>L.</span> <span class='ocrx_word' id='word_1_111' title='bbox 161 1703 294 1762; x_wconf 88' lang='lat' dir='ltr'>Paullum</span> <span class='ocrx_word' id='word_1_112' title='bbox 313 1714 342 1760; x_wconf 88' lang='lat' dir='ltr'>et</span> <span class='ocrx_word' id='word_1_113' title='bbox 362 1705 394 1759; x_wconf 90' lang='lat' dir='ltr'>L.</span> <span class='ocrx_word' id='word_1_114' title='bbox 413 1700 595 1771; x_wconf 88' lang='lat' dir='ltr'>Mummium,</span> <span class='ocrx_word' id='word_1_115' title='bbox 617 1699 667 1778; x_wconf 91' lang='lat' dir='ltr'>qui</span> <span class='ocrx_word' id='word_1_116' title='bbox 685 1698 773 1758; x_wconf 90' lang='lat' dir='ltr'>rebus</span> <span class='ocrx_word' id='word_1_117' title='bbox 793 1698 839 1757; x_wconf 88' lang='lat' dir='ltr'>his</span> <span class='ocrx_word' id='word_1_118' title='bbox 853 1699 949 1759; x_wconf 87' lang='lat' dir='ltr'>urbem</span> 
     </span>
     <span class='ocr_line' id='line_1_17' title="bbox 109 1792 949 1874; baseline -0.002 -20"><span class='ocrx_word' id='word_1_119' title='bbox 109 1797 279 1874; x_wconf 86' lang='lat' dir='ltr'>Italiamque</span> <span class='ocrx_word' id='word_1_120' title='bbox 293 1815 408 1853; x_wconf 91' lang='lat' dir='ltr'>omnem</span> <span class='ocrx_word' id='word_1_121' title='bbox 424 1795 610 1866; x_wconf 86' lang='lat' dir='ltr'>referserunt,</span> <span class='ocrx_word' id='word_1_122' title='bbox 626 1792 663 1851; x_wconf 90' lang='lat' dir='ltr'>ab</span> <span class='ocrx_word' id='word_1_123' title='bbox 677 1792 775 1871; x_wconf 89' lang='lat' dir='ltr'>aliquo</span> <span class='ocrx_word' id='word_1_124' title='bbox 789 1792 874 1852; x_wconf 88' lang='lat' dir='ltr'>video</span> <span class='ocrx_word' id='word_1_125' title='bbox 885 1814 949 1872; x_wconf 91' lang='lat' dir='ltr'>per·</span> 
     </span>
     <span class='ocr_line' id='line_1_18' title="bbox 103 1885 948 1966; baseline -0.001 -18"><span class='ocrx_word' id='word_1_126' title='bbox 103 1890 185 1948; x_wconf 76' lang='lat' dir='ltr'>facile</span> <span class='ocrx_word' id='word_1_127' title='bbox 205 1889 323 1947; x_wconf 83' lang='lat' dir='ltr'>Deliaco</span> <span class='ocrx_word' id='word_1_128' title='bbox 342 1901 391 1946; x_wconf 91' lang='lat' dir='ltr'>aut</span> <span class='ocrx_word' id='word_1_129' title='bbox 412 1892 486 1966; x_wconf 85' lang='lat' dir='ltr'>Syro</span> <span class='ocrx_word' id='word_1_130' title='bbox 498 1887 625 1966; x_wconf 90' lang='lat' dir='ltr'>potuisse</span> <span class='ocrx_word' id='word_1_131' title='bbox 641 1885 791 1966; x_wconf 88' lang='lat' dir='ltr'>superari;</span> <span class='ocrx_word' id='word_1_132' title='bbox 810 1909 822 1940; x_wconf 76' lang='grc' dir='ltr'>ι</span> <span class='ocrx_word' id='word_1_133' title='bbox 845 1888 889 1945; x_wconf 87' lang='lat' dir='ltr'>fac</span> <span class='ocrx_word' id='word_1_134' title='bbox 900 1888 948 1958; x_wconf 87' lang='lat' dir='ltr'>ita,</span> 
     </span>
     <span class='ocr_line' id='line_1_19' title="bbox 105 1980 946 2062; baseline -0.001 -21"><span class='ocrx_word' id='word_1_135' title='bbox 105 2011 118 2037; x_wconf 74' lang='grc' dir='ltr'>ε</span> <span class='ocrx_word' id='word_1_136' title='bbox 134 1984 265 2062; x_wconf 85' lang='lat' dir='ltr'>potuisse</span> <span class='ocrx_word' id='word_1_137' title='bbox 288 1981 419 2058; x_wconf 89' lang='lat' dir='ltr'>superari</span> <span class='ocrx_word' id='word_1_138' title='bbox 448 1980 485 2039; x_wconf 91' lang='lat' dir='ltr'>ab</span> <span class='ocrx_word' id='word_1_139' title='bbox 496 1981 594 2058; x_wconf 89' lang='lat' dir='ltr'>aliquo</span> <span class='ocrx_word' id='word_1_140' title='bbox 621 1984 695 2057; x_wconf 86' lang='lat' dir='ltr'>Syro</span> <span class='ocrx_word' id='word_1_141' title='bbox 708 1993 759 2039; x_wconf 90' lang='lat' dir='ltr'>aut</span> <span class='ocrx_word' id='word_1_142' title='bbox 772 1980 911 2040; x_wconf 87' lang='lat' dir='ltr'>Deliaco:</span> <span class='ocrx_word' id='word_1_143' title='bbox 934 2008 946 2032; x_wconf 83' lang='lat'><strong>»</strong></span> 
     </span>
     <span class='ocr_line' id='line_1_20' title="bbox 102 2071 948 2152; baseline 0.001 -20"><span class='ocrx_word' id='word_1_144' title='bbox 102 2074 232 2145; x_wconf 89' lang='lat' dir='ltr'>videsne,</span> <span class='ocrx_word' id='word_1_145' title='bbox 253 2084 286 2130; x_wconf 92' lang='lat' dir='ltr'>ut</span> <span class='ocrx_word' id='word_1_146' title='bbox 307 2071 409 2131; x_wconf 89' lang='lat' dir='ltr'>ordine</span> <span class='ocrx_word' id='word_1_147' title='bbox 438 2073 594 2130; x_wconf 84' lang='lat' dir='ltr'>verborum</span> <span class='ocrx_word' id='word_1_148' title='bbox 616 2073 736 2152; x_wconf 85' lang='lat' dir='ltr'>pauldm</span> <span class='ocrx_word' id='word_1_149' title='bbox 763 2087 948 2145; x_wconf 88' lang='lat' dir='ltr'>commutato,</span> 
     </span>
     <span class='ocr_line' id='line_1_21' title="bbox 101 2163 949 2238; baseline -0.001 -14"><span class='ocrx_word' id='word_1_150' title='bbox 101 2166 210 2225; x_wconf 91' lang='lat' dir='ltr'>eisdem</span> <span class='ocrx_word' id='word_1_151' title='bbox 232 2163 347 2236; x_wconf 84' lang='lat' dir='ltr'>verbis,</span> <span class='ocrx_word' id='word_1_152' title='bbox 370 2177 463 2223; x_wconf 89' lang='lat' dir='ltr'>stante</span> <span class='ocrx_word' id='word_1_153' title='bbox 485 2166 636 2238; x_wconf 71' lang='lat' dir='ltr'>sententia,</span> <span class='ocrx_word' id='word_1_154' title='bbox 659 2167 697 2224; x_wconf 89' lang='lat' dir='ltr'>ad</span> <span class='ocrx_word' id='word_1_155' title='bbox 720 2165 844 2224; x_wconf 89' lang='lat' dir='ltr'>nihilum</span> <span class='ocrx_word' id='word_1_156' title='bbox 857 2167 949 2225; x_wconf 90' lang='lat' dir='ltr'>omnia</span> 
     </span>
     <span class='ocr_line' id='line_1_22' title="bbox 103 2257 949 2339; baseline -0.004 -20"><span class='ocrx_word' id='word_1_157' title='bbox 103 2260 248 2330; x_wconf 89' lang='lat' dir='ltr'>recidant,</span> <span class='ocrx_word' id='word_1_158' title='bbox 263 2278 352 2335; x_wconf 92' lang='lat' dir='ltr'>quum</span> <span class='ocrx_word' id='word_1_159' title='bbox 367 2257 423 2316; x_wconf 92' lang='lat' dir='ltr'>sint</span> <span class='ocrx_word' id='word_1_160' title='bbox 444 2278 480 2316; x_wconf 84' lang='lat' dir='ltr'>ex</span> <span class='ocrx_word' id='word_1_161' title='bbox 496 2258 572 2338; x_wconf 91' lang='lat' dir='ltr'>aptis</span> <span class='ocrx_word' id='word_1_162' title='bbox 587 2258 770 2339; x_wconf 83' lang='lat' dir='ltr'>dissolutal);</span> <span class='ocrx_word' id='word_1_163' title='bbox 788 2272 838 2318; x_wconf 90' lang='lat' dir='ltr'>aut</span> <span class='ocrx_word' id='word_1_164' title='bbox 853 2261 877 2319; x_wconf 91' lang='lat' dir='ltr'>si</span> <span class='ocrx_word' id='word_1_165' title='bbox 896 2260 949 2319; x_wconf 90' lang='lat' dir='ltr'>ali-</span> 
     </span>
     <span class='ocr_line' id='line_1_23' title="bbox 105 2350 949 2431; baseline -0.005 -19"><span class='ocrx_word' id='word_1_166' title='bbox 105 2355 185 2427; x_wconf 88' lang='lat' dir='ltr'>cujus</span> <span class='ocrx_word' id='word_1_167' title='bbox 207 2350 345 2410; x_wconf 88' lang='lat' dir='ltr'>inconditi</span> <span class='ocrx_word' id='word_1_168' title='bbox 367 2351 489 2430; x_wconf 87' lang='lat' dir='ltr'>arripias</span> <span class='ocrx_word' id='word_1_169' title='bbox 506 2351 673 2431; x_wconf 88' lang='lat' dir='ltr'>dissipatam</span> <span class='ocrx_word' id='word_1_170' title='bbox 693 2350 820 2428; x_wconf 88' lang='lat' dir='ltr'>aliquam</span> <span class='ocrx_word' id='word_1_171' title='bbox 835 2364 949 2410; x_wconf 90' lang='lat' dir='ltr'>senten-</span> 
     </span>
     <span class='ocr_line' id='line_1_24' title="bbox 102 2444 949 2524; baseline -0.004 -20"><span class='ocrx_word' id='word_1_172' title='bbox 102 2448 183 2517; x_wconf 89' lang='lat' dir='ltr'>tiam,</span> <span class='ocrx_word' id='word_1_173' title='bbox 196 2463 327 2521; x_wconf 90' lang='lat' dir='ltr'>eamque,</span> <span class='ocrx_word' id='word_1_174' title='bbox 340 2444 442 2502; x_wconf 91' lang='lat' dir='ltr'>ordine</span> <span class='ocrx_word' id='word_1_175' title='bbox 463 2445 618 2503; x_wconf 89' lang='lat' dir='ltr'>verborum</span> <span class='ocrx_word' id='word_1_176' title='bbox 629 2444 750 2524; x_wconf 85' lang='lat' dir='ltr'>pauldm</span> <span class='ocrx_word' id='word_1_177' title='bbox 763 2456 949 2515; x_wconf 89' lang='lat' dir='ltr'>commutato,</span> 
     </span>
     <span class='ocr_line' id='line_1_25' title="bbox 102 2535 948 2616; baseline -0.002 -20"><span class='ocrx_word' id='word_1_178' title='bbox 102 2538 132 2596; x_wconf 93' lang='lat' dir='ltr'>in</span> <span class='ocrx_word' id='word_1_179' title='bbox 160 2537 304 2614; x_wconf 89' lang='lat' dir='ltr'>quadrum</span> <span class='ocrx_word' id='word_1_180' title='bbox 331 2535 457 2612; x_wconf 85' lang='lat' dir='ltr'>redigas,</span> <span class='ocrx_word' id='word_1_181' title='bbox 482 2537 623 2595; x_wconf 85' lang='lat' dir='ltr'>efficiatur</span> <span class='ocrx_word' id='word_1_182' title='bbox 651 2549 751 2616; x_wconf 89' lang='lat' dir='ltr'>aptum</span> <span class='ocrx_word' id='word_1_183' title='bbox 770 2535 855 2610; x_wconf 90' lang='lat' dir='ltr'>illud,</span> <span class='ocrx_word' id='word_1_184' title='bbox 873 2538 948 2614; x_wconf 89' lang='lat' dir='ltr'>quod</span> 
     </span>
     <span class='ocr_line' id='line_1_26' title="bbox 103 2627 950 2707; baseline -0.001 -18"><span class='ocrx_word' id='word_1_185' title='bbox 103 2631 188 2690; x_wconf 82' lang='lat' dir='ltr'>luerit</span> <span class='ocrx_word' id='word_1_186' title='bbox 200 2642 284 2689; x_wconf 91' lang='lat' dir='ltr'>antea</span> <span class='ocrx_word' id='word_1_187' title='bbox 295 2627 428 2686; x_wconf 86' lang='lat' dir='ltr'>diffluens</span> <span class='ocrx_word' id='word_1_188' title='bbox 439 2649 473 2687; x_wconf 88' lang='lat' dir='ltr'>ac</span> <span class='ocrx_word' id='word_1_189' title='bbox 481 2630 617 2689; x_wconf 90' lang='lat' dir='ltr'>solutum.</span> <span class='ocrx_word' id='word_1_190' title='bbox 632 2639 705 2707; x_wconf 80' lang='lat' dir='ltr'>Age,</span> <span class='ocrx_word' id='word_1_191' title='bbox 715 2649 796 2689; x_wconf 88' lang='lat' dir='ltr'>sume</span> <span class='ocrx_word' id='word_1_192' title='bbox 810 2631 848 2690; x_wconf 91' lang='lat' dir='ltr'>de</span> <span class='ocrx_word' id='word_1_193' title='bbox 860 2633 950 2690; x_wconf 91' lang='lat' dir='ltr'>Grac-</span> 
     </span>
     <span class='ocr_line' id='line_1_27' title="bbox 102 2720 949 2804; baseline 0.002 -23"><span class='ocrx_word' id='word_1_194' title='bbox 102 2725 149 2783; x_wconf 88' lang='lat' dir='ltr'>chi</span> <span class='ocrx_word' id='word_1_195' title='bbox 170 2725 247 2804; x_wconf 90' lang='lat' dir='ltr'>apud</span> <span class='ocrx_word' id='word_1_196' title='bbox 266 2741 398 2782; x_wconf 90' lang='lat' dir='ltr'>censores</span> <span class='ocrx_word' id='word_1_197' title='bbox 419 2720 512 2780; x_wconf 91' lang='lat' dir='ltr'>illud:</span> <span class='ocrx_word' id='word_1_198' title='bbox 534 2749 548 2776; x_wconf 76' lang='grc' dir='ltr'><strong><em>ι</em></strong></span> <span class='ocrx_word' id='word_1_199' title='bbox 563 2722 671 2782; x_wconf 79' lang='lat' dir='ltr'>Abesse</span> <span class='ocrx_word' id='word_1_200' title='bbox 684 2743 743 2782; x_wconf 93' lang='lat' dir='ltr'>non</span> <span class='ocrx_word' id='word_1_201' title='bbox 759 2736 867 2803; x_wconf 89' lang='lat' dir='ltr'>potest,</span> <span class='ocrx_word' id='word_1_202' title='bbox 882 2726 949 2803; x_wconf 90' lang='lat' dir='ltr'>quin</span> 
     </span>
     <span class='ocr_line' id='line_1_28' title="bbox 104 2815 950 2898; baseline 0.002 -24"><span class='ocrx_word' id='word_1_203' title='bbox 104 2818 233 2896; x_wconf 86' lang='lat' dir='ltr'>ejusdem</span> <span class='ocrx_word' id='word_1_204' title='bbox 242 2816 366 2875; x_wconf 90' lang='lat' dir='ltr'>hominis</span> <span class='ocrx_word' id='word_1_205' title='bbox 375 2815 423 2887; x_wconf 85' lang='lat' dir='ltr'>sit,</span> <span class='ocrx_word' id='word_1_206' title='bbox 435 2815 541 2894; x_wconf 93' lang='lat' dir='ltr'>probos</span> <span class='ocrx_word' id='word_1_207' title='bbox 552 2815 731 2895; x_wconf 87' lang='lat' dir='ltr'>improbare,</span> <span class='ocrx_word' id='word_1_208' title='bbox 741 2817 792 2895; x_wconf 94' lang='lat' dir='ltr'>qui</span> <span class='ocrx_word' id='word_1_209' title='bbox 802 2818 950 2898; x_wconf 89' lang='lat' dir='ltr'>improbos</span> 
     </span>
     <span class='ocr_line' id='line_1_29' title="bbox 103 2908 950 2990; baseline 0.002 -22"><span class='ocrx_word' id='word_1_210' title='bbox 103 2909 221 2989; x_wconf 88' lang='lat' dir='ltr'>prohet;</span> <span class='ocrx_word' id='word_1_211' title='bbox 231 2937 244 2962; x_wconf 67' lang='grc' dir='ltr'>ι»</span> <span class='ocrx_word' id='word_1_212' title='bbox 254 2910 363 2989; x_wconf 80' lang='lat' dir='ltr'>quanto</span> <span class='ocrx_word' id='word_1_213' title='bbox 375 2909 481 2990; x_wconf 79' lang='lat' dir='ltr'>aptius,</span> <span class='ocrx_word' id='word_1_214' title='bbox 489 2909 513 2968; x_wconf 89' lang='lat' dir='ltr'>si</span> <span class='ocrx_word' id='word_1_215' title='bbox 523 2909 563 2967; x_wconf 91' lang='lat' dir='ltr'>ita</span> <span class='ocrx_word' id='word_1_216' title='bbox 571 2908 703 2969; x_wconf 87' lang='lat' dir='ltr'>dixisset:</span> <span class='ocrx_word' id='word_1_217' title='bbox 715 2936 729 2963; x_wconf 76' lang='grc' dir='ltr'><strong><em>ι</em></strong></span> <span class='ocrx_word' id='word_1_218' title='bbox 740 2911 814 2985; x_wconf 86' lang='lat' dir='ltr'>Quin</span> <span class='ocrx_word' id='word_1_219' title='bbox 824 2913 950 2985; x_wconf 86' lang='lat' dir='ltr'>ejusdem</span> 
     </span>
     <span class='ocr_line' id='line_1_30' title="bbox 103 3003 946 3083; baseline 0.005 -22"><span class='ocrx_word' id='word_1_220' title='bbox 103 3003 229 3063; x_wconf 89' lang='lat' dir='ltr'>hominis</span> <span class='ocrx_word' id='word_1_221' title='bbox 240 3005 286 3077; x_wconf 87' lang='lat' dir='ltr'>sit,</span> <span class='ocrx_word' id='word_1_222' title='bbox 295 3004 500 3082; x_wconf 88' lang='lat' dir='ltr'>quiimprobos</span> <span class='ocrx_word' id='word_1_223' title='bbox 507 3003 621 3082; x_wconf 82' lang='lat' dir='ltr'>probet,</span> <span class='ocrx_word' id='word_1_224' title='bbox 629 3003 736 3082; x_wconf 88' lang='lat' dir='ltr'>probos</span> <span class='ocrx_word' id='word_1_225' title='bbox 743 3005 909 3083; x_wconf 84' lang='lat' dir='ltr'>improbare</span> <span class='ocrx_word' id='word_1_226' title='bbox 919 3011 946 3066; x_wconf 73' lang='lat' dir='ltr'>l»</span> 
     </span>
     <span class='ocr_line' id='line_1_31' title="bbox 104 3097 950 3177; baseline -0.002 -19"><span class='ocrx_word' id='word_1_227' title='bbox 104 3102 165 3158; x_wconf 86' lang='lat' dir='ltr'>Hoc</span> <span class='ocrx_word' id='word_1_228' title='bbox 186 3097 273 3156; x_wconf 92' lang='lat' dir='ltr'>modo</span> <span class='ocrx_word' id='word_1_229' title='bbox 300 3097 395 3156; x_wconf 84' lang='lat' dir='ltr'>dicere</span> <span class='ocrx_word' id='word_1_230' title='bbox 415 3118 500 3157; x_wconf 90' lang='lat' dir='ltr'>nemo</span> <span class='ocrx_word' id='word_1_231' title='bbox 528 3116 654 3175; x_wconf 88' lang='lat' dir='ltr'>unquam</span> <span class='ocrx_word' id='word_1_232' title='bbox 674 3097 784 3173; x_wconf 91' lang='lat' dir='ltr'>noluit;</span> <span class='ocrx_word' id='word_1_233' title='bbox 809 3117 950 3177; x_wconf 90' lang='lat' dir='ltr'>nemoque</span> 
     </span>
     <span class='ocr_line' id='line_1_32' title="bbox 90 3188 951 3272; baseline 0.003 -24"><span class='ocrx_word' id='word_1_234' title='bbox 90 3191 202 3271; x_wconf 86' lang='lat' dir='ltr'>potuit,</span> <span class='ocrx_word' id='word_1_235' title='bbox 221 3190 292 3272; x_wconf 91' lang='lat' dir='ltr'>quin</span> <span class='ocrx_word' id='word_1_236' title='bbox 312 3189 431 3252; x_wconf 87' lang='lat' dir='ltr'>dixerit.</span> <span class='ocrx_word' id='word_1_237' title='bbox 451 3190 510 3268; x_wconf 87' lang='lat' dir='ltr'>Qui</span> <span class='ocrx_word' id='word_1_238' title='bbox 527 3201 626 3250; x_wconf 86' lang='lat' dir='ltr'>autem</span> <span class='ocrx_word' id='word_1_239' title='bbox 642 3188 724 3248; x_wconf 85' lang='lat' dir='ltr'>aliter</span> <span class='ocrx_word' id='word_1_240' title='bbox 736 3191 886 3262; x_wconf 80' lang='lat' dir='ltr'>dixerunt,</span> <span class='ocrx_word' id='word_1_241' title='bbox 896 3193 951 3251; x_wconf 91' lang='lat' dir='ltr'>hoc</span> 
     </span>
    </p>

    <p class='ocr_par' dir='ltr' id='par_1_3' title="bbox 78 3283 972 3371">
     <span class='ocr_line' id='line_1_33' title="bbox 78 3283 972 3371; baseline -0.012 -27"><span class='ocrx_word' id='word_1_242' title='bbox 78 3285 202 3367; x_wconf 84' lang='lat' dir='ltr'>assequi</span> <span class='ocrx_word' id='word_1_243' title='bbox 220 3308 283 3349; x_wconf 90' lang='lat' dir='ltr'>non</span> <span class='ocrx_word' id='word_1_244' title='bbox 303 3298 487 3371; x_wconf 89' lang='lat' dir='ltr'>potuerunt.</span> <span class='ocrx_word' id='word_1_245' title='bbox 502 3291 549 3348; x_wconf 87' lang='lat' dir='ltr'>lta</span> <span class='ocrx_word' id='word_1_246' title='bbox 563 3284 636 3346; x_wconf 81' lang='lat' dir='ltr'>lacti</span> <span class='ocrx_word' id='word_1_247' title='bbox 648 3294 718 3342; x_wconf 86' lang='lat' dir='ltr'>suut</span> <span class='ocrx_word' id='word_1_248' title='bbox 728 3285 854 3357; x_wconf 70' lang='lat' dir='ltr'>repente</span> <span class='ocrx_word' id='word_1_249' title='bbox 869 3283 972 3349; x_wconf 54' lang='lat' dir='ltr'>lausto,</span> 
     </span>
    </p>
   </div>
   <div class='ocr_carea' id='block_1_3' title="bbox 0 0 1040 3524">
    <p class='ocr_par' dir='ltr' id='par_1_4' title="bbox 0 0 1040 3524">
     <span class='ocr_line' id='line_1_34' title="bbox 0 0 1040 3524; baseline 0 1"><span class='ocrx_word' id='word_1_250' title='bbox 0 0 1040 3524; x_wconf 95' lang='lat' dir='ltr'> </span> 
     </span>
    </p>
   </div>
  </div>
 </body>
</html>
