2070 3524
99 182 129 222 2⁰

454 175 588 222 orator.

99 305 177 363 sunt,
191 291 376 351 adsciverunt
389 302 489 370 aptum
504 289 563 349 suis
577 288 694 349 auribus
708 289 837 368 opimum
848 293 945 370 quod·

99 389 166 446 dam
178 398 207 445 et
217 398 353 463 tanquam
367 383 489 462 adipatae
500 381 632 442 dictionis
643 402 743 459 genus,
754 385 834 462 quod
843 404 946 443 eorum

99 479 196 554 vicini,
211 498 270 537 non
286 477 326 536 ita
338 477 396 536 lato
409 474 560 558 interjecto
578 475 663 549 mari,
676 476 784 535 Rhodii
797 496 947 555 nunquam

98 573 324 654 probaverunt¹‚
338 571 429 631 Graeci
443 569 533 629 multh
547 570 658 640 minius,
674 569 863 629 Athenienses
875 569 947 630 verb

99 668 226 726 sundiths
240 664 482 744 repudiaverunt3
492 683 615 742 quorum
625 681 738 742 semper
752 661 805 721 fuit
816 666 947 743 prudens

98 904 185 950 quencs
196 887 320 949 asiatique:
332 904 343 930 r
359 889 390 933 Et
400 885 493 946 antiqua

100 970 113 994 a
127 950 219 1011 quidem
228 949 265 994 illa
272 947 354 993 divisio
359 947 421 994 inter
428 948 493 994 Asia-

100 1031 115 1057 u
128 1027 171 1057 nos
179 1020 247 1071 atque
257 1010 345 1057 Atticos
354 1008 409 1069 suit3
422 1025 493 1070 quum

98 1092 113 1118 u
125 1073 151 1119 hi
167 1071 239 1133 pressi
256 1081 279 1119 et
296 1070 395 1133 integri,
413 1071 493 1117 contr‘a

98 1154 113 1179 α
125 1134 198 1180 inflati
209 1133 243 1178 illi
258 1143 281 1181 et
291 1132 371 1178 inanes
382 1132 493 1179 haberen-

99 1217 113 1242 α
125 1207 175 1255 tur,
196 1205 220 1242 et
235 1194 261 1240 in
281 1195 317 1240 his
333 1193 391 1240 nihil
410 1210 491 1256 super-

98 1279 112 1303 «
122 1258 211 1316 flueret,
220 1257 264 1303 illis
273 1256 385 1316 judicium
397 1256 494 1304 maximi

98 1341 113 1365 κ
124 1337 151 1366 ac
161 1321 242 1366 modus
247 1319 434 1376 deessent.Quod
442 1319 492 1381 qui·

98 1403 112 1428 α
126 1383 185 1444 darn,
201 1397 300 1443 quorum
315 1390 339 1428 et
355 1383 433 1433 Santra
448 1391 490 1442 est,

97 1465 112 1490 a
124 1445 169 1492 hoe
186 1453 269 1505 putant
286 1444 401 1506 accidisse,
419 1445 490 1508 quiid,

98 1529 111 1553 u
125 1507 233 1568 paulatim
249 1522 352 1554 sermone
368 1507 451 1564 ‚Groeco
467 1507 491 1552 in

95 1590 109 1614 α
124 1569 231 1615 maximas
253 1568 310 1615 Asioi
331 1567 432 1614 civitates
455 1569 492 1613 in-

96 1652 109 1675 «
124 1631 217 1689 fluente,
233 1630 336 1676 noudum
352 1631 406 1674 satls
423 1629 492 1690 periti

96 1690 234 1753 «loquendi
259 1689 386 1737 facundiam
407 1706 491 1736 coucu-

95 1775 109 1798 «
124 1753 222 1814 pierint3
231 1751 330 1813 ideoque
342 1766 367 1797 ea
376 1767 427 1811 quar
434 1767 492 1812 pro-

96 1837 110 1859 «
124 1815 175 1877 prld
183 1814 269 1878 sslgussl'l
274 1822 389 1875 polemi,
396 1813 492 1859 circuilu

97 1900 109 1922 ι
123 1877 234 1939 coeperint
239 1875 366 1931 enuntiare,
375 1891 402 1920 ac
410 1875 492 1922 deinde

96 1960 110 1984 a
123 1939 148 1984 iu
164 1955 192 1986 eo
202 1937 377 1998 perseverlrint.
387 1954 401 1979 »
421 1937 490 1994 (Irus.

96 2005 173 2058 oras,
182 2001 237 2059 ΧΠ,
250 1999 287 2061 x.)
301 2001 332 2045 Et
343 2014 375 2044 uu
384 2014 430 2059 pen
442 1999 493 2059 plus

95 2062 144 2108 loiu
159 2080 165 2110 t
181 2061 290 2119 «Attici,
307 2059 378 2106 limati
400 2060 492 2120 quidem

97 2132 149 2170 «et
167 2123 274 2181 emuncti,
288 2122 347 2168 nihil
366 2121 433 2169 mane
455 2132 494 2169 aut

98 2206 111 2230 a
123 2186 254 2233 redundans
278 2184 388 2232 ferebant.
413 2184 494 2231 Asiana

97 2268 111 2293 α
125 2263 189 2312 gens,
205 2247 315 2295 tumidior
325 2246 410 2307 alioqui
426 2256 494 2308 atque

97 2331 110 2355 «
122 2310 254 2371 jactantior,
272 2309 365 2355 vaniore
378 2308 446 2356 etiam
460 2309 494 2356 di·

97 2393 110 2417 a
124 2373 191 2418 cendi
202 2371 275 2434 glorid
287 2370 364 2416 inflata
376 2380 417 2417 est.
433 2389 446 2413 υ
473 2386 476 2391 ’

128 2441 151 2478 t.
166 2433 249 2480 Rhodii
258 2447 374 2493 nunquam
383 2432 494 2494 probave-

96 2507 159 2542 runt.
181 2494 277 2541 Ciedron
299 2492 433 2540 connaissait
452 2510 495 2555 par

96 2557 230 2619 experience
246 2565 305 2604 cette
320 2555 380 2602 scole
394 2556 494 2604 oratoire

96 2621 126 2668 de
148 2620 241 2667 Rhodes
258 2637 264 2666 ε
279 2618 293 2664 d
311 2619 371 2665 deux
388 2618 494 2690 reptises,

96 2698 126 2728 cu
140 2687 184 2729 sss
199 2690 222 2727 et
234 2697 264 2727 en
277 2679 495 2740 s74‚·ilava1tsuivi

97 2743 111 2789 ir
124 2746 197 2790 Rome
207 2743 240 2789 les
255 2743 332 2805 lcqons
345 2742 377 2788 du
388 2741 496 2789 Rhodion

96 2806 192 2864 Melou3
216 2814 240 2851 et
263 2804 318 2850 deus
344 2819 386 2849 sou
407 2820 497 2867 voyage

97 2867 211 2930 d’onent,
226 2866 243 2912 il
262 2866 318 2913 erait
329 2865 370 2911 allt't
381 2865 497 2913 irRhodes
519 2908 521 2923 ,

96 2934 169 2976 meurs
182 2944 206 2974 rc
224 2929 307 2975 rendre
323 2928 404 2989 auprls
415 2929 448 2974 dn
460 2944 496 2974 sa·

97 3001 152 3038 rant
173 2944 303 3037 rhdieurle
324 3005 392 3036 conrs
413 2991 442 3036 ds
461 3007 496 3038 ses

97 3054 223 3101 e'tudesAEe
231 3052 337 3099 souveuir
348 3068 393 3114 que
399 3052 496 3100 ciceron

90 3116 193 3178 gardei
205 3115 289 3162 Mulon
310 3114 377 3163 feroit
389 3116 455 3163 envie
467 3132 497 3162 au

79 3180 167 3225 marae
173 3178 199 3225 Ie
207 3178 264 3240 plus
270 3178 399 3229 ambitieux
416 3198 423 3229 ι
440 3181 499 3227 «Me

547 903 560 928 «
574 886 603 931 ad
616 886 720 932 eumdem
737 885 854 932 Molonem
869 888 947 948 appli-

546 965 560 990 α
573 947 631 1002 cavi,
644 963 714 1009 quum
733 957 833 994 actorem
846 948 872 994 in
885 951 947 999 veris

546 1009 659 1066 «scansis,
685 1008 865 1071 scriptoremque
887 1027 946 1072 prae·

546 1089 559 1112 a
572 1080 676 1131 stantem,
687 1081 735 1116 turn
746 1071 770 1116 in
779 1073 887 1118 notandis
897 1074 946 1120 ani·

546 1151 559 1174 a
573 1133 784 1194 madvertendisque
814 1135 894 1194 vitiis,
922 1147 946 1184 et

545 1212 560 1238 u
572 1193 713 1242 instituendo
728 1196 878 1256 docendoque
887 1213 946 1257 pru-

545 1275 559 1300 «
573 1257 736 1303 dentissimum.
758 1259 781 1303 ls
803 1258 868 1304 dedit
887 1274 945 1320 ope-

546 1337 559 1362 «
573 1335 629 1378 ram,
650 1320 669 1364 si
692 1321 761 1366 modb
783 1319 808 1365 id
834 1322 945 1383 consequi

549 1401 561 1424 e
574 1381 659 1445 potuit,
672 1390 697 1426 ut
709 1381 777 1426 nimis
790 1382 945 1430 redundantes

545 1462 559 1487 a
573 1459 623 1501 uos,
638 1453 661 1490 et
671 1443 834 1504 superfluentes
848 1446 944 1502 juvenili

544 1525 558 1550 e
572 1503 670 1566 qutdam
679 1505 769 1552 dcendi
778 1505 945 1565 impunitatem

545 1586 557 1611 n
571 1567 673 1627 licentii,
689 1568 831 1627 reprimeret,
845 1578 869 1613 et
877 1570 944 1629 qnasi

546 1648 557 1671 ι
571 1638 635 1674 extra
647 1629 708 1688 ripas
718 1628 946 1678 diffluentescoeroe·

545 1708 558 1733 u
573 1698 608 1734 ret
631 1691 732 1751 (Brutus,
753 1690 813 1746 xci).
827 1707 840 1729 »
854 1692 947 1741 L’ecole

543 1751 573 1797 de
594 1750 686 1796 Rhodes
703 1748 762 1794 avait
783 1748 901 1796 maintenu
922 1770 947 1801 sa

543 1811 652 1856 tradition
677 1810 783 1871 jusqu’au
814 1819 888 1872 temps
916 1817 946 1864 de

543 1872 678 1931 Quintilieu.
690 1875 754 1920 Nous
765 1871 836 1918 lisons
846 1875 903 1920 dans
914 1878 947 1925 les

543 1936 692 1983 Institutione
699 1935 816 1981 Oratoires
826 1935 925 1999 (X11,x)
936 1959 944 1986 ε

546 2015 558 2040 u
572 1998 675 2043 Tertium
687 2012 741 2043 mor
759 1998 891 2057 adjecerunt
903 2016 945 2106 qe·

546 2077 559 2102 a
572 2075 615 2105 nus
633 2059 749 2106 Rhodium
771 2076 778 2105 r
797 2060 861 2119 quod
882 2076 910 2106 ve
920 2073 945 2108 ut

545 2140 559 2164 a
572 2122 672 2168 medium
691 2137 739 2168 esse
760 2131 828 2182 atque
841 2133 945 2169 exutro-

547 2204 560 2228 «
574 2200 620 2245 que
643 2183 740 2231 mixtum
757 2184 845 2229 volunt.
864 2187 945 2246 Neque

546 2266 560 2293 ι
574 2246 635 2293 enim
658 2245 728 2293 attici
753 2245 843 2306 pressi,
870 2263 944 2308 neque

548 2308 652 2355 «Asiani
673 2318 726 2354 sunt
743 2309 899 2366 abundantes,
918 2319 944 2356 nt

547 2389 560 2414 α
574 2370 661 2431 aliquid
670 2371 752 2417 habere
760 2369 879 2415 videantur
888 2356 945 2432 ged-

547 2451 560 2476 u
574 2432 612 2492 tis,
626 2432 713 2494 aliquid
725 2431 831 2478 auctoris.
854 2433 944 2480 AEschi·

547 2513 560 2538 «
574 2511 615 2541 nes
627 2496 688 2541 enim
701 2495 742 2556 qui
752 2494 813 2539 hunc
824 2494 893 2540 exilio
906 2495 944 2541 de·

547 2576 560 2601 α
574 2558 660 2620 legerat
686 2558 778 2613 locum,
808 2555 887 2601 intulit
915 2558 943 2603 eb

548 2638 561 2663 a
575 2619 649 2666 studia
657 2620 805 2677 Athenarum,
813 2634 873 2678 quae,
882 2618 944 2664 velut

548 2700 561 2724 a
574 2691 620 2726 sata
639 2682 742 2742 quaedam
762 2680 819 2726 eoelo
838 2679 944 2740 terrdque

548 2763 561 2786 «ι
575 2744 721 2807 degenerant,
726 2757 830 2802 saporem
836 2741 898 2786 illum
904 2749 944 2788 At·

548 2826 560 2847 «
576 2805 644 2851 ticum
657 2803 780 2867 peregrino
796 2803 943 2849 miscuerunt.

548 2886 561 2911 a<
575 2867 642 2914 lenti
668 2883 724 2929 ergo
744 2865 838 2925 quidem
860 2881 886 2911 ao
905 2880 943 2911 re-

519 2926 521 2981 ζ
548 2949 561 2972 a
578 2930 648 2988 missi,
662 2944 709 2974 non
727 2927 775 2972 sine
797 2927 900 2987 pondere
912 2936 945 2972 ta·

548 3010 561 3034 α
575 3006 627 3037 men
641 3008 648 3037 ι
660 3003 735 3050 neque
754 2986 856 3034 lontibus
871 2988 944 3049 puris,

548 3073 562 3096 «
575 3068 650 3113 neque
675 3049 816 3096 torrentibus
837 3049 944 3109 turbidis,

549 3134 562 3158 a
576 3116 616 3161 sed
626 3113 714 3160 lenibus
721 3112 806 3174 stagnis
813 3110 896 3158 similes
906 3112 945 3157 bu-

553 3177 694 3223 ubemur.»
