2070 3524
88 307 132 347 tsi
448 299 581 345 emon.

87 416 170 477 nensi
183 418 314 490 Cerere¹,
331 417 367 475 de
381 418 536 493 Segestani
548 414 640 474 Diand
649 417 670 488 ²,
689 416 728 475 de
736 422 940 493 Syracusarum

1 570 39 603 ρ
89 514 165 574 situ³
179 514 317 573 diximus.
342 516 423 592 Saepe
445 512 531 572 etiam
547 512 577 570 in
596 512 804 592 amplificanda
821 536 865 588 re,
880 537 940 575 con·

40 604 43 609 ¹
89 630 171 669 cessu
185 608 313 668 omnium
327 608 460 666 funditur
477 609 631 666 numerose
645 620 674 666 et
691 608 865 668 volubiliter
879 631 938 668 ora-

90 703 141 762 tio.
160 703 195 760 ld
209 722 260 761 nos
280 703 400 760 sortasse
418 721 477 759 non
495 700 688 780 perfecimus,
705 702 808 761 conati
830 704 939 781 quidem

89 794 244 876 saepissime
263 815 383 854 sumus:
400 795 479 872 quod
495 793 629 875 plurimis
649 793 722 853 locis
743 796 939 874 perorationes

90 901 195 947 nostrae
209 888 334 948 voluisse
347 908 413 961 noS,
428 900 514 966 atque
531 887 628 946 animo
647 888 835 948 contendisse
850 890 938 948 decla·

90 995 167 1042 rant.
189 983 223 1040 Id
240 996 337 1041 autem
357 994 419 1040 tum
433 980 522 1052 valet,
546 1000 636 1058 quum
656 979 693 1052 is,
717 980 768 1058 qui
793 983 886 1054 audit,
907 981 939 1039 ab

69 1088 207 1134 =oratore
222 1075 283 1156 jam
304 1076 437 1134 obsessus
459 1085 502 1132 est
526 1093 559 1131 ac
577 1076 793 1132 tenetur.'Non
818 1075 894 1134 enim
913 1075 939 1132 id

91 1169 202 1245 agit‚ut
216 1168 368 1227 insidietur
379 1180 408 1225 et
421 1168 575 1242 observet3
593 1168 643 1226 sed
657 1166 718 1240 jam
730 1167 940 1249 favet‚pr0rcs·

91 1281 212 1339 sumque
228 1261 307 1334 vult,
322 1260 495 1338 dicendique
512 1260 572 1318 vim
587 1259 750 1332 admirans,
763 1280 827 1320 non
845 1263 940 1340 anqui-

91 1354 130 1415 rit
139 1356 218 1433 quod
229 1355 422 1436 reprehendat
433 1353 454 1412 Β.

130 1453 200 1508 Haec
211 1464 307 1509 autem
325 1451 417 1507 forma
431 1447 582 1507 retinenda
597 1466 655 1505 non
669 1447 719 1504 diu
734 1458 791 1519 est,
809 1467 864 1506 nec
880 1449 940 1506 dico

91 1544 122 1602 in
136 1543 338 1623 peroratione,
351 1562 438 1621 quam
452 1541 514 1620 ipse
525 1538 647 1598 includit
655 1541 678 1612 ⁸,
693 1539 745 1597 sed
760 1539 792 1598 in
806 1541 941 1600 orationis

92 1636 210 1715 reliquis
224 1637 368 1716 partibus.
379 1639 452 1694 Nam
466 1625 555 1713 ¹quum
564 1632 603 1691 sis
612 1632 648 1691 iis
661 1632 733 1691 locis
745 1653 829 1707 usus,
841 1634 942 1712 quibus

92 1729 206 1788 ostendi
224 1729 324 1801 licere,
340 1728 540 1787 transferenda
562 1739 624 1785 tota
644 1724 735 1784 dictio
756 1738 801 1785 est
825 1728 862 1785 ad
883 1727 941 1798 itta,

92 1842 156 1899 quae
170 1821 268 1879 nescio
284 1841 347 1893 cur,
363 1841 454 1898 quum
469 1819 562 1879 Graeci
576 1818 704 1896 κόμματα
716 1831 746 1878 et
762 1821 838 1878 κῶλα
850 1820 941 1879 nomi-

93 1925 181 1986 nent,
208 1934 261 1972 nos
288 1933 347 1971 non
368 1915 446 1971 recte
465 1912 554 1971 incisa
575 1924 604 1970 et
630 1911 780 1970 membra⁸
803 1912 942 1971 dicamus.

93 2132 144 2192 pie,
164 2130 243 2175 l'autre
265 2145 293 2174 au
316 2130 386 2177 sonat.
407 2130 490 2175 Jumais

94 2202 183 2239 orateur
195 2191 307 2253 polirique
324 2193 361 2238 n'a
372 2193 430 2239 mele
441 2193 491 2254 plus

93 2253 303 2316 compiaisamment
332 2271 374 2301 son
407 2271 493 2316 propre

94 2320 160 2381 dioge
178 2318 190 2362 'n
208 2317 355 2378 l'expression
367 2318 395 2362 de
418 2334 441 2362 sa
459 2331 494 2362 rc-

94 2395 262 2426 connaissance.

128 2450 149 2486 t.
162 2444 198 2486 De
211 2442 325 2485 Hennensi
333 2443 422 2488 Cerere.
430 2441 491 2500 Voy.

94 2505 116 2548 la
127 2504 172 2546 lv·
184 2503 288 2560 Verrius,
301 2503 339 2549 ch.
350 2517 425 2548 xnvu.

126 2569 149 2612 ².
158 2567 194 2610 De
201 2565 327 2624 Segestana
333 2565 419 2609 Diand.
431 2565 492 2624 voy.

96 2629 117 2672 ia
136 2629 208 2672 meme
224 2625 333 2687 Verrine,
354 2626 492 2673 ch.xxx111.

129 2697 153 2740 3,
178 2693 214 2736 De
242 2693 411 2751 Syracusarum
437 2686 491 2734 situ.

96 2755 171 2797 Meme
183 2751 294 2809 Verrius,
307 2751 344 2794 ch.
358 2765 400 2807 m.

128 2821 151 2860 t.
168 2818 218 2859 Non
233 2811 403 2875 arrqniritquod
415 2827 494 2873 repre-

96 2875 187 2920 tendat.
201 2875 336 2935 Quintilien,
347 2877 406 2922 Inst.
417 2877 492 2932 Orat,

83 2988 86 2993 Δ
99 2941 138 2998 IX,
151 2950 193 2984 rv:
209 2958 220 2979 a
233 2941 318 2982 Totum
333 2947 408 2982 autem
424 2936 495 2981 adhi-

96 3019 110 3044 ιι
124 3000 225 3045 bendum
236 3010 278 3055 est,
295 3015 342 3061 quo
356 2998 385 3045 sit
400 2999 495 3060 amplius

96 3082 110 3108 ι
126 3060 299 3122 compositionis
317 3077 402 3126 genus,
424 3078 494 3123 quum

97 3146 110 3169 α
124 3126 196 3187 judex
209 3138 257 3168 non
272 3124 346 3168 solum
361 3140 409 3169 rem
425 3135 494 3182 tenet,

96 3207 111 3232 n
126 3190 165 3234 sed
177 3186 244 3233 etiam
256 3186 495 3248 captusestorationc,

544 2131 616 2175 mdmc
626 2130 721 2191 pcnsde;
736 2130 793 2176 mais
808 2132 886 2192 quelle
898 2131 945 2177 dit-

544 2192 632 2238 terenoe
649 2194 707 2238 duns
727 2193 890 2254 l’cxprcssion!
909 2196 944 2239 On

545 2263 594 2300 sent
606 2269 652 2315 que
664 2254 761 2301 Ciceroni
777 2255 840 2302 nvait
854 2266 945 2301 souvcnt

545 2317 666 2363 rencontrd
679 2318 764 2362 devant
773 2316 808 2362 lui
819 2327 877 2363 certe
886 2318 944 2362 mai-

546 2378 655 2424 veiilnncc
664 2377 777 2438 calcnlde5
790 2394 822 2423 on
829 2390 880 2425 sent
888 2379 945 2424 aussi

546 2441 603 2501 qu’il
624 2456 652 2485 en
672 2440 734 2486 avait
756 2440 874 2502 triomphi
896 2442 945 2501 ptus

546 2505 615 2549 d’uno
631 2502 684 2562 sois,
701 2511 725 2547 et
742 2517 788 2563 que
801 2503 943 2564 l’auditoire,

547 2565 622 2628 gaguds
632 2564 646 2609 i
656 2581 680 2610 sa
691 2578 767 2621 cause,
777 2579 807 2610 ne
817 2581 843 2612 se
854 2575 948 2611 conten·

547 2627 587 2672 tuit
604 2628 658 2687 plus
681 2627 710 2671 dc
734 2626 756 2671 lc
780 2625 864 2688 suino,
884 2636 908 2672 et
927 2628 948 2672 1ο

547 2689 649 2751 poussnit
657 2704 686 2733 cn
697 2695 774 2736 avant.

579 2757 601 2798 ὅ.
626 2753 700 2810 Quam
713 2751 722 2794 ι’
736 2765 761 2794 se
777 2749 886 2811 includit,
904 2767 949 2812 que

547 2815 652 2858 l'orateur
662 2766 758 2858 termiirc
773 2809 788 2857 it
804 2828 830 2858 sa
846 2814 948 2860 volumi.

546 2877 577 2921 Ce
597 2890 692 2937 passage
715 2874 817 2920 contestu*
839 2883 874 2921 est
896 2891 949 2921 sans

546 2938 694 2999 importance.

578 3006 601 3048 6.
619 3000 698 3046 Incisa
718 3011 742 3044 et
758 3000 869 3049 membra.
888 3004 950 3047 Ponr

547 3062 707 3126 l’intelligence
722 3061 835 3122 complete
851 3064 892 3110 dos
906 3078 950 3123 pa-

547 3123 951 3233 susurrus-atrurn

88 3271 103 3296 a
118 3261 145 3298 et
156 3266 183 3299 se
198 3249 275 3299 credit
288 3248 372 3309 actori,
389 3260 413 3298 et
427 3251 501 3298 volu·
555 3250 584 3296 de
597 3264 635 3296 ecs
649 3249 711 3293 deux
725 3246 953 3291 nummism-

75 3316 236 3378 ‘923201'2111
250 3315 354 3367 ducitur.
369 3337 384 3364 n
402 3317 466 3365 C'est
481 3315 507 3362 ta
560 3301 891 3376 pruunmusntrumttxm
902 3305 970 3346 nn.
