2062 3510
123 262 151 300 tt
483 256 616 302 ORATOR.

122 383 256 430 contorta
274 384 305 429 et
325 371 401 428 aeris
418 371 523 429 oratio.
542 371 588 429 ab
610 371 657 428 his
678 391 737 428 non
761 371 855 428 multo
875 374 972 448 sectis,

123 468 210 543 qnlm
226 484 242 520 a
255 464 365 542 poetis,
376 463 440 521 haec
453 463 634 540 eloquentia,
648 482 736 540 quam
748 463 921 541 quaerinrus,
931 485 974 524 se·

124 557 253 616 vocanda
269 570 324 616 est.

161 651 235 706 Nam
248 647 334 706 etiam
348 661 443 726 poeta
453 647 639 726 quaestionem
654 647 823 721 attulerunt,
839 647 976 726 quidnam

123 758 198 803 esset
208 744 292 818 illud,
307 765 367 822 qno
379 745 437 823 ipsi
449 744 600 802 differrent
612 742 650 802 ab
658 743 834 805 oratoribus.
850 748 976 806 Numero

123 838 249 896 maximi
267 838 439 896 videbantur
455 849 539 895 antea
556 850 586 895 et
598 857 686 896 versu
700 859 707 893 :
721 856 800 895 nunc
819 841 900 916 apud
911 860 976 899 ora·

124 944 201 990 tores
220 932 280 1005 jam
306 934 369 1011 ipse
395 950 535 990 numerus
560 930 731 989 increbruit.
760 930 912 1008 Quidquid
937 946 978 991 est

123 1025 217 1096 enim,
239 1025 319 1101 qnod
338 1023 393 1080 snb
411 1023 527 1080 aurium
551 1043 716 1081 mensnram
738 1022 866 1100 aliquam
884 1024 975 1102 cadit,

123 1115 236 1174 etiamsi
254 1115 335 1173 abest
351 1135 369 1174 a
388 1134 475 1173 versu
489 1120 574 1189 (nam
592 1116 624 1174 id
639 1117 758 1194 quidem
777 1115 921 1176 orationis
937 1131 978 1177 est

124 1207 252 1287 vitium),
266 1227 405 1266 numerus
419 1222 551 1283 vocatur,
567 1211 619 1287 qni
632 1211 733 1269 Graece
750 1208 846 1289 ῥυθμός
860 1209 975 1271 dicitur.

125 1306 226 1381 ltaque
247 1299 334 1360 video
355 1300 448 1358 visum
468 1321 530 1360 esse
549 1300 713 1374 nonnullis,
728 1301 856 1359 Platonis
874 1315 906 1361 et
919 1308 977 1363 De-

125 1395 241 1453 mocriti
257 1393 451 1465 locutionem,
467 1395 520 1453 etsi
533 1394 608 1453 absit
624 1415 642 1452 a
655 1413 752 1464 versu,
766 1406 883 1469 tamen,
901 1396 978 1474 qudd

124 1486 270 1545 incitatius
285 1486 411 1562 seratur,
427 1498 456 1544 et
469 1485 636 1544 clarissimis
648 1483 807 1543 verborum
821 1484 979 1546 luminibus

124 1592 234 1654 utatur,
253 1579 349 1659 potins
368 1599 472 1658 poema
494 1581 672 1660 putandum,
692 1579 779 1655 quam
801 1578 978 1639 comicorum

125 1684 293 1751 poetarum3
306 1672 384 1751 apud
401 1691 493 1749 qnos,
507 1672 563 1730 nisi
576 1673 657 1748 qnod
670 1669 804 1728 versiculi
816 1684 896 1749 sunt,
907 1672 978 1733 mlril

125 1778 169 1823 est
186 1763 265 1822 aliud
280 1763 440 1840 quotidiani
458 1763 596 1822 dissimile
611 1760 752 1821 sermonis
765 1763 788 1821 ¹.
806 1765 868 1822 Nec
882 1777 979 1825 tamen

124 1857 155 1914 id
169 1868 212 1915 est
224 1855 323 1934 'poetae
338 1854 513 1931 maximum,
527 1857 577 1915 etsi
592 1870 635 1914 est
649 1856 685 1913 ed
700 1854 887 1928 laudabilior,
901 1858 979 1936 qndd

125 1949 247 2007 virtutes
259 1947 383 2007 oratoris
400 1949 595 2029 persequitur,
608 1969 698 2026 quum
717 1967 802 2006 versu
821 1949 858 2007 sit
873 1951 979 2010 adstri-

125 2040 210 2101 ctior.
227 2043 289 2118 Ego
305 2052 401 2099 autem
420 2040 532 2099 etiamsi
546 2040 736 2119 quorumdam
752 2042 871 2118 grandis
881 2056 913 2102 et
927 2064 979 2102 or·
1009 2095 1012 2099 .

126 2145 193 2191 nata
210 2151 270 2191 vox
284 2145 326 2191 est
341 2145 509 2213 poetarum,
523 2146 620 2192 tamen
638 2133 669 2190 in
681 2137 715 2191 el
728 2153 817 2210 quum
831 2133 979 2196 licentiam

126 2237 220 2284 statuo
243 2226 382 2300 majorem
405 2246 484 2298 esse,
504 2229 592 2305 quim
612 2226 643 2284 in
661 2225 761 2296 nobiS,
779 2226 979 2289 faciendorum

122 2317 396 2398 jungendorumque
422 2320 597 2392 verborum,
625 2331 684 2377 tum
710 2317 797 2376 etiam
820 2322 978 2380 nonnullo-

127 2432 189 2469 rum
204 2413 345 2492 voluptati
359 2414 478 2471 vocibus
489 2409 592 2489 magis,
605 2413 694 2490 qnam
707 2410 793 2470 rebus
806 2412 978 2475 inserviunt.

125 2506 185 2562 Nec
201 2505 289 2576 vero,
304 2506 327 2562 si
344 2503 414 2582 quid
433 2516 582 2562 estunam
598 2503 739 2562 intereos
756 2503 849 2562 simile
865 2506 906 2584 (id
925 2527 979 2566 an·

126 2609 182 2656 tem
199 2609 243 2656 est
258 2594 400 2676 judicium
418 2597 579 2675 electioque
597 2597 752 2656 verborum
766 2597 809 2676 ²),
823 2612 979 2680 propterea

118 2756 187 2817 sura,
200 2757 342 2802 continuata.
356 2773 369 2799 «
384 2757 412 2800 ln
428 2755 524 2801 historia
611 2762 634 2802 l.
650 2756 714 2803 ltilit
727 2767 759 2801 est
772 2756 840 2801 eliud
850 2759 980 2818 quotidiani

127 2816 276 2862 «verborum
301 2817 374 2880 ratio,
404 2826 428 2864 et
454 2832 525 2880 genua
579 2818 982 2867 dissimilent-monianumadit

125 2896 139 2921 c
155 2879 265 2924 emtionis
288 2878 363 2924 lusum
376 2887 445 2938 atque
465 2888 526 2925 trao-
579 2896 632 2926 avec
644 2881 722 2927 rniaon
734 2880 790 2926 dans
803 2880 824 2926 le
837 2884 911 2928 meme
931 2898 981 2930 sena

126 2958 139 2982 u
155 2949 211 2998 tum,
223 2950 247 2984 et
261 2957 312 2986 eum
325 2940 417 2986 lenitate
428 2942 526 3001 quidam
583 2942 691 3005 (Satires,
701 2944 721 3002 1,
729 2958 764 3002 ιν,
775 2942 812 3048 47)
823 2961 851 2988 ει
860 2944 910 2991 Niai
917 2946 981 3006 quud

126 3022 137 3044 ι
154 3001 259 3062 aequabili
274 3002 405 3065 profluens,
418 3003 467 3048 sine
485 3004 526 3049 hac
581 3024 595 3048 α
608 3006 666 3065 pede
684 3014 747 3050 certo
768 3004 798 3050 Di
808 3003 853 3051 lert
870 3006 980 3066 sermoni,

127 3085 139 3106 n
151 3063 253 3125 judiciali
279 3064 412 3125 asperitate,
434 3075 457 3111 et
478 3066 526 3112 sine
579 3085 593 3110 α
607 3082 681 3112 sermo
693 3083 776 3113 merus.
790 3085 805 3111 n
934 3080 938 3087 ·

127 3147 140 3170 n
156 3124 317 3173 sententiarum
333 3126 457 3173 forensium
475 3144 526 3173 acu·
611 3135 633 3173 2.
648 3130 737 3175 Electio
749 3129 873 3176 verborum.
882 3130 981 3178 ciceron

118 3207 133 3230 a
147 3188 190 3234 leis
225 3189 413 3251 persequendum
446 3199 489 3238 est.
513 3209 527 3234 n
580 3190 669 3237 novient
682 3200 779 3236 sou-aem
793 3207 831 3235 sur
849 3200 981 3253 cetteoen·

105 3250 126 3306 {a
137 3249 227 3312 maron,
237 3252 420 3317 aaronem,
430 3255 528 3321 Ilm.)
586 3253 625 3300 ele
644 3268 691 3314 quo
713 3252 826 3298 l‘omceun
846 3251 902 3295 dou
916 3253 992 3309 uulsi
