2070 3524
445 210 576 259 ORATOR.
890 214 929 254 141

84 324 216 403 exposita
229 338 318 401 atque
332 325 481 398 absolute3
497 344 550 384 nec
563 314 721 384 verborum
735 325 832 383 lumen
846 346 933 404 appa·

84 431 141 490 ret,
151 416 207 476 nisi
218 416 372 494 diligenter
380 418 602 489 collocatorum
616 432 645 478 et
659 418 766 477 horum
777 432 935 496 utrumque

84 530 222 579 numerus
242 510 380 570 illustrat.
396 515 538 570 Numerus
560 525 656 571 autem
671 511 760 590 (saepe
780 511 857 569 enim
878 512 934 569 hoc

84 606 247 664 testandum
261 606 315 686 est)
326 625 385 664 non
400 606 486 664 modo
499 626 558 664 non
569 605 680 684 poetice
687 607 816 679 junctus,
831 607 935 663 verium

84 697 171 757 etiam
193 698 304 776 fugiens
329 699 424 772 illum,
443 699 528 777 eique
551 699 680 758 omniurn
702 698 932 771 dissimillimus3

83 811 142 850 non
154 790 225 869 quin
242 791 332 850 iidem
350 791 408 850 sint
424 791 537 850 numeri
555 811 613 850 non
629 791 716 850 modo
735 787 887 849 'oratorum
905 804 934 850 et

82 899 249 964 poetarum,
262 889 364 944 verum
375 886 495 944 omnino
507 883 698 962 loquentium,
711 883 838 961 denique
847 883 933 942 etiam

84 979 247 1038 sonantium
270 979 412 1052 omnium,
432 999 496 1057 quae
517 978 612 1038 metiri
629 977 745 1036 auribus
763 997 931 1056 possumus;

83 1072 133 1129 sed
149 1074 222 1131 ordo
237 1074 347 1152 pedum
358 1071 437 1144 facit,
451 1084 484 1130 ut
497 1071 540 1144 id,
555 1073 633 1149 quod
646 1071 861 1150 pronuntiatur,
885 1084 934 1129 aut

85 1165 234 1239 orationis,
248 1177 299 1225 aut
313 1165 456 1247 poematis
477 1164 568 1224 simile
586 1165 731 1224 videatur.
753 1170 835 1224 Hanc
846 1164 934 1242 igitur

82 1257 144 1317 sive
153 1259 403 1338 compositionem,
413 1258 472 1316 sive
482 1259 702 1337 perfectionem,
712 1259 772 1317 sive
779 1279 934 1318 numerum

82 1351 187 1410 vocari
204 1352 311 1429 placet,
333 1349 472 1408 adhibere
488 1369 604 1409 necesse
627 1363 682 1422 est,
697 1350 722 1408 si
742 1355 843 1410 ornate
861 1352 934 1411 velis

83 1442 197 1517 dicere3
216 1463 275 1501 non
295 1442 388 1501 solum
415 1442 505 1522 (quod
530 1443 570 1502 ait
591 1443 760 1503 Aristoteles
783 1457 812 1503 et
837 1446 933 1504 Theo-

83 1536 247 1614 phrastus),
264 1556 301 1595 ne
315 1535 426 1594 infinite
446 1536 555 1595 feratur
568 1549 600 1595 ut
616 1535 724 1595 flumen
743 1538 849 1612 oratio,
870 1560 933 1617 quae

81 1649 140 1687 non
155 1641 205 1687 ant
216 1628 319 1707 spiritu
330 1628 544 1709 pronuntiantis
555 1641 604 1687 aut
614 1629 779 1688 interductu
792 1629 903 1690 librarii
911 1634 932 1705 ¹,

83 1723 136 1779 sed
158 1742 280 1780 numero
306 1734 405 1781 coacta
430 1721 517 1781 debet
538 1722 686 1797 insistere;
708 1727 812 1782 verum
834 1724 933 1798 etiam,

81 1817 160 1894 quod
177 1816 269 1874 multd
281 1814 420 1889 majorem
433 1816 542 1875 habent
556 1828 624 1895 apta
636 1814 706 1893 vim,
720 1820 808 1894 quam
826 1818 931 1877 solute.

82 1914 123 1968 Ut
136 1909 214 1967 enim
230 1910 363 1982 athletas,
382 1930 437 1969 nec
452 1911 544 1969 multo
563 1913 645 1968 secus
659 1909 833 1987 gladiatores
848 1911 933 1970 vide·

81 2020 144 2058 mus
158 1999 229 2057 nihil
244 2021 296 2059 nec
314 2001 433 2060 vitando
452 2003 546 2060 facere
565 2005 661 2077 caute,
677 2023 731 2062 nec
740 2006 868 2085 petendo
879 2025 932 2064 ve·
993 1990 999 1999 ’

80 2095 243 2164 hementer‚
264 2093 293 2150 in
315 2115 373 2171 quo
395 2115 453 2152 non
478 2108 572 2153 motus
585 2095 632 2154 hic
649 2096 756 2156 habeat
770 2098 943 2176 palaestram'

37 2242 39 2246 .
81 2187 247 2265 quamdam,
268 2199 311 2264 ut,
328 2186 468 2265 quidquid
488 2187 518 2245 in
535 2187 580 2246 his
599 2188 684 2247 rebus
698 2190 748 2248 fiat
768 2191 878 2249 utiliter
895 2195 933 2251 ad

80 2300 219 2360 pugnam,
240 2277 317 2338 idem
339 2281 377 2338 ad
388 2283 557 2359 adspectum
578 2281 666 2340 etiam
687 2281 723 2341 sit
736 2287 930 2345 venustum²z

113 2480 280 2527 l.Iuterductu
293 2479 479 2544 librarii.Signes
534 2500 547 2524 u
562 2481 612 2528 bitu
630 2482 774 2529 manifestum
789 2485 827 2545 sit,
846 2495 892 2530 tam
909 2487 932 2531 in

80 2542 198 2588 intercales
213 2559 254 2603 par
273 2543 294 2588 le
317 2542 404 2604 copiste
420 2559 479 2604 pour
533 2561 547 2587 α
563 2544 711 2604 suscipiendis
719 2547 788 2606 quim
800 2547 825 2592 in
838 2550 933 2609 agendis

80 2606 213 2665 marquerla
220 2605 351 2666 separation
361 2605 401 2650 des
408 2603 478 2654 idries.
534 2624 548 2649 e
562 2607 634 2652 causis
650 2607 708 2653 nihil
725 2608 790 2667 pensi
808 2608 901 2658 habere.
919 2629 932 2653 a

112 2673 135 2712 2.
150 2666 190 2714 Ad
207 2667 337 2728 adspectum
360 2669 430 2712 etiam
449 2669 480 2713 sit
538 2667 603 2728 (last.
614 2672 691 2729 Orat,
705 2671 748 2730 xl,
761 2671 788 2731 1.)
800 2671 878 2718 Tacite
891 2672 934 2719 de-

81 2739 208 2777 venustum.
223 2729 351 2787 Quintilien
366 2729 424 2775 n'est
439 2746 480 2790 pas
534 2731 631 2793 veloppe
647 2733 670 2776 la
686 2734 760 2778 meme
777 2733 829 2779 ides
846 2733 860 2780 lt
875 2751 933 2795 pro-

80 2790 154 2836 moins
166 2791 244 2838 severe
253 2807 314 2852 pour
326 2807 363 2839 ecs
373 2791 481 2838 ineonve·
534 2810 577 2854 pos
591 2795 620 2840 de
630 2794 720 2840 Cassius
734 2795 827 2841 severus
840 2814 846 2844 :
860 2814 874 2839 ι(
886 2798 934 2843 Pri-

80 2869 164 2899 nanees
184 2871 190 2901 r
212 2873 225 2898 e
240 2855 373 2914 Impudens,
394 2856 481 2901 tumul·
535 2873 547 2900 ι
564 2872 614 2901 mus
625 2857 696 2912 enim,
706 2868 838 2918 contempto
852 2860 933 2905 ordine

80 2934 95 2960 α
111 2927 185 2974 tuom,
199 2915 309 2962 iracunda
322 2916 391 2972 actio,
408 2917 481 2962 omni·
535 2935 548 2961 α
564 2933 652 2974 rerum,
672 2919 755 2965 omissi
773 2921 885 2968 modestil
906 2938 933 2966 ac

81 2997 94 3021 u
108 2979 152 3023 bus
170 2978 286 3029 indecora.
302 2978 386 3024 Videas
405 2989 479 3025 autem
535 2998 547 3023 α
564 2981 652 3040 pudore
661 2980 790 3039 verborum,
800 2983 856 3044 ipsis
864 2983 933 3028 etiarn

81 3060 95 3084 ι
110 3040 220 3086 rixatores
232 3041 344 3101 quosdam
358 3056 432 3101 neque
440 3042 479 3101 ju·
535 3061 548 3086 α
563 3042 649 3103 quibus
668 3043 739 3090 utitur
757 3045 825 3091 armis
841 3046 931 3090 incom-

81 3121 94 3147 α
111 3102 187 3147 dicum
219 3103 365 3164 mercurii,
404 3119 480 3167 neque
536 3106 675 3167 «positus,
694 3117 721 3152 ex
742 3107 823 3151 eruum
846 3104 956 3148 leixeuu‘x

79 3183 94 3208 a
108 3163 267 3225 agendlmore
276 3182 304 3212 uc
316 3168 389 3214 modo
405 3168 484 3216 conti-
540 3188 557 3214 a
571 3169 717 3232 plerumque
728 3168 914 3217 demetrium
922 3171 974 3214 Ψ·

71 3243 84 3269 ι
98 3226 156 3270 neri.
169 3227 206 3272 Ex
218 3241 269 3288 quo
279 3227 332 3293 ipso
344 3231 434 3281 mentis
443 3231 486 3282 he.
547 3252 561 3280 ι
581 3244 642 3300 gunt
653 3235 698 3280 sed
708 3229 848 3276 rixatum
