2062 3510
416 174 547 222 onATon.
874 176 898 217 tt

53 294 102 353 dia
117 293 301 373 philosophia
314 291 477 381 repetitam,
488 303 517 349 et
533 311 597 350 eam
614 290 731 368 quidem
747 309 837 366 quum
849 307 902 345 an·
968 245 997 343 d

29 393 32 399 ’
54 387 177 466 tiquam,
185 399 247 446 tum
259 384 475 456 subobscuram,
485 396 535 442 aut
543 382 773 462 reprehensionis
783 380 902 457 aliquid,
979 386 984 402 '

53 491 103 537 aut
114 481 192 537 certe
209 476 405 536 admirationis
419 475 594 534 habituram.
609 482 680 534 Nam
694 488 743 533 aut
758 474 904 532 mirabun-

54 583 114 647 tur,
130 570 202 649 quid
216 571 279 628 haec
293 570 458 648 pertineant
469 571 506 626 ad
520 589 565 639 ea,
579 589 643 647 quae
655 569 826 646 quaerimus3
842 567 905 644 qui·

53 661 108 742 bus
128 663 281 722 satisfaciet
301 682 348 721 res
369 662 431 740 ipsa
450 663 583 739 cognita,
602 675 634 720 ut
654 681 714 720 non
735 661 796 719 sine
820 665 905 719 causa

54 755 112 815 alte
123 755 245 833 repetita
256 754 409 814 videantur
420 778 428 828 ;
442 767 491 813 aut
502 755 730 833 reprehendent,
744 753 824 832 quod
839 752 905 809 inu-

55 849 154 908 sitatas
170 847 230 906 vias
245 848 430 925 indagemus,
447 847 528 906 tritas
550 846 758 925 relinquamus.
777 851 837 922 Ego
852 864 905 902 au-

55 954 114 1001 tem
132 952 162 1001 et
177 960 223 999 me
241 961 316 1019 saepe
334 959 409 998 nova
427 939 520 998 videri
541 939 636 998 dicere
657 937 800 1016 intelligo,
816 935 907 1015 quum

55 1046 208 1113 pervetera
228 1032 341 1103 dicam,
358 1033 409 1091 sed
428 1031 557 1090 inaudita
577 1031 722 1117 plerisque
737 1053 744 1090 :
761 1036 789 1089 et
803 1031 906 1103 fateor,
952 1012 977 1097 ’ἵ

55 1127 103 1186 r'ne
119 1138 264 1186 oratorem
275 1127 300 1200 ¹,
326 1126 351 1184 si
371 1125 458 1183 modo
478 1125 548 1196 sim,
566 1135 617 1183 aut
634 1123 720 1182 etiam
734 1123 909 1201 quicumque

56 1218 125 1288 sim,
143 1238 202 1278 non
224 1239 262 1277 ex
283 1219 434 1277 rhetorum
452 1217 588 1288 officinis,
612 1218 663 1276 sed
688 1237 725 1275 ex
747 1214 909 1274 Academiae

11 1307 18 1313 ”
56 1311 175 1391 spatiis*
188 1311 340 1370 exstitisse.
363 1310 417 1368 Illa
431 1310 508 1369 enim
526 1322 593 1369 sunt
611 1308 755 1368 curricula
769 1308 908 1386 multipli-

57 1404 136 1464 cium
159 1406 364 1482 variorumque
392 1424 578 1481 sermonum,
599 1403 630 1462 in
654 1402 758 1480 quibus
782 1399 910 1459 Platonis

57 1499 184 1578 primum
200 1497 341 1579 impressa
360 1508 426 1555 sunt
436 1495 567 1573 vestigia.
582 1498 637 1554 Sed
656 1508 684 1554 et
699 1493 784 1574 hujus
797 1506 826 1552 et
837 1493 911 1551 alio·

90 1646 113 1688 t.
127 1642 168 1686 Me
195 1649 316 1684 oratorem.
341 1637 455 1697 Ciceron,

58 1701 116 1747 dens
140 1702 172 1747 les
197 1701 312 1747 dernieres
336 1717 405 1764 peges
426 1702 458 1746 du

58 1766 153 1820 Brutus,
170 1763 271 1824 reppello
289 1764 365 1809 touta
380 1763 402 1807 la
414 1761 459 1807 lois

59 1834 83 1870 et
101 1825 123 1870 le
142 1825 249 1870 souvenir
267 1826 295 1869 de
313 1841 347 1871 ses
362 1839 459 1885 propres

59 1886 147 1941 studes.
158 1895 182 1933 et
188 1885 348 1932 l’insulfisance
357 1888 397 1932 des
407 1902 460 1931 ora-

60 1957 122 1995 teurs
136 1949 165 1994 de
176 1963 218 1993 son
231 1957 305 2007 temps
318 1949 360 2009 qui
371 1964 401 1994 ne
407 1964 460 1993 son·

59 2009 150 2072 genient
162 2024 203 2069 pas
221 2008 235 2053 it
247 2010 355 2056 ebereher
370 2010 427 2055 dans
439 2010 460 2054 la

59 2070 461 2134 philosophiel'utileenseignement

60 2133 143 2194 qn'elle
154 2131 248 2192 pouvait
254 2132 351 2181 donner.
361 2150 375 2175 ιι
384 2136 461 2190 Quum

61 2211 76 2238 ι
89 2193 200 2240 venissem
221 2191 328 2252 Athenas,
343 2209 382 2240 sex
397 2209 462 2239 men-

60 2274 75 2299 ιι
90 2270 127 2301 ses
148 2269 200 2299 cum
227 2254 357 2311 Antiocho,
380 2255 462 2301 veteris

61 2335 75 2360 ιι
90 2314 217 2362 Academia·
228 2315 368 2362 nobilissimo
378 2327 401 2363 et
408 2332 463 2377 pru-

37 2396 40 2401 ·
62 2397 76 2421 ιι
90 2377 227 2423 dentissimo
242 2375 390 2440 philosopho,
411 2378 460 2434 fui3

63 2458 77 2483 α
91 2437 239 2498 studiumque
246 2438 397 2500 philosophiae
406 2456 463 2486 nun-

64 2521 77 2544 ιι
93 2516 163 2562 quam
186 2499 348 2561 intermissum,
374 2517 386 2546 a
412 2501 462 2562 pri-

65 2582 77 2605 ι
90 2563 174 2623 mique
196 2562 348 2608 adolescentia
369 2562 462 2619 cultum,

65 2642 78 2667 ιι
93 2633 116 2671 et
127 2639 216 2685 semper
223 2633 322 2680 auctum,
329 2625 374 2670 hoc
384 2641 463 2671 rursus

66 2701 182 2732 «summo
204 2695 295 2731 auctore
320 2695 343 2732 et
369 2686 464 2733 doctore

66 2767 79 2791 ιι
93 2746 210 2794 renovavi.
235 2747 339 2806 (Brutus,
352 2747 411 2806 xor.)
435 2751 464 2794 Et

64 2826 94 2854 un
107 2825 151 2870 peu
171 2809 222 2868 plus
236 2808 285 2854 loiu
304 2828 310 2856 z
328 2828 340 2852 ιι
358 2809 420 2856 Nihil
435 2811 463 2855 de

65 2890 78 2914 ιι
92 2870 237 2917 medicam:
256 2869 329 2916 dicam
343 2872 372 2916 de
383 2871 464 2917 ueteris

65 2951 78 2976 ιι
92 2947 190 2992 qnorum
214 2947 282 2978 nemo
307 2941 363 2992 erat,
382 2933 462 2993 qut...

56 3005 79 3036 ·ιι
93 2993 261 3054 philosophiam
280 2994 410 3054 complexus
428 3009 464 3040 es-

67 3075 80 3098 ιι
93 3064 136 3111 set,
161 3065 255 3101 matrem
280 3055 381 3101 omnium
406 3056 463 3102 bene

65 3135 81 3162 ι
94 3116 208 3162 sactorum
219 3117 323 3179 beneque
334 3117 465 3177 dictorum3

512 1656 526 1681 ιι
541 1637 639 1698 proprid
655 1653 680 1683 ae
701 1635 795 1683 delinita
808 1636 911 1696 disputa-

513 1719 526 1743 «
541 1700 605 1746 tione
626 1699 726 1746 hominis
742 1716 768 1745 ae
789 1699 910 1759 temporis,

513 1781 526 1804 ιι
539 1763 569 1807 ad
594 1777 737 1808 communem
764 1761 911 1822 quaestionem

512 1844 525 1868 ιι
539 1823 638 1870 universi
665 1823 754 1886 generis
785 1823 911 1869 orationem

513 1887 675 1935 «traduceret.
692 1904 705 1928 u

545 1955 567 1993 2.
579 1951 617 1994 nx
630 1946 758 1994 Academiae
771 1947 860 2007 spatiis.
868 1949 912 1993 Les

510 2009 597 2069 jandins
608 2009 764 2063 d’Aeademus,
780 2009 868 2054 sitnisi
882 2025 912 2053 un

513 2071 572 2117 mille
589 2072 720 2117 d'Ath'enes.
735 2071 815 2116 Platon
835 2087 850 2130 y
871 2086 912 2116 en-

514 2133 591 2194 seigna
603 2142 712 2193 quarente
727 2148 782 2187 ans3
797 2141 820 2179 et
835 2131 913 2177 l’eeole

514 2195 570 2255 qu’il
596 2195 655 2239 avait
678 2194 771 2254 tondeo,
794 2194 828 2238 fut
846 2204 913 2240 tenue

514 2257 579 2316 apres
599 2256 632 2300 lui
651 2272 693 2316 par
715 2255 851 2315 Speusippe‚
871 2272 913 2301 son

515 2334 587 2364 neven
601 2327 624 2363 et
638 2333 680 2362 son
692 2317 793 2376 disciple.
809 2342 840 2352 -
853 2319 914 2362 Aea-

515 2380 611 2437 demus,
629 2393 771 2440 personnage
793 2379 913 2438 heroique.

515 2443 552 2486 On
580 2450 689 2502 rapporte
718 2441 774 2501 qn’il
800 2440 873 2486 revela
901 2439 914 2485 ὲ

516 2504 596 2549 Castor
613 2513 636 2548 et
653 2503 667 2547 it
684 2503 763 2548 Pollux
779 2502 801 2547 la
823 2502 915 2548 retraite

516 2565 639 2620 d’Hihne,
656 2564 745 2611 enlevee
762 2580 804 2625 par
820 2565 914 2610 Thesee.

516 2652 547 2661 -
557 2628 654 2685 Sputiis‚
668 2625 713 2670 lieu
727 2627 754 2671 de
765 2627 913 2686 promenade.

518 2706 531 2730 ιι
548 2687 610 2744 Quin
633 2685 705 2748 igitur
727 2688 757 2733 ad
782 2687 819 2732 illa
844 2688 915 2748 spatia

518 2768 531 2791 ιι
547 2759 639 2811 nostra,
658 2750 767 2808 sedesque
785 2751 931 2811 pergimus,'

518 2829 531 2852 ιι
547 2811 586 2855 nbi
603 2826 673 2870 quum
687 2812 739 2856 satis
752 2810 795 2855 erit
808 2813 917 2857 deambu-

518 2890 531 2914 «
547 2873 627 2932 latum,
635 2872 809 2931 requiescemus.
820 2892 833 2916 >a
845 2874 918 2935 (Cice-

517 2935 618 2989 ron,des
628 2935 689 2990 Lois,
702 2936 722 2989 1,
737 2935 781 2995 rv.)
799 2937 887 2980 Horace
905 2953 917 2980 a

518 2995 552 3039 dit
563 2996 619 3041 dans
630 2997 651 3042 le
663 2996 735 3041 meme
746 3011 797 3041 sens
807 3014 812 3042 :
822 3015 835 3039 ιι
844 2999 918 3055 Atque

519 3075 532 3099 ιι
548 3056 608 3102 inter
634 3057 703 3102 silvas
727 3058 838 3118 Academi
863 3072 929 3111 quas-

523 3139 537 3164 «
553 3135 609 3167 rere
620 3134 717 3168 venum.
730 3136 747 3160 u
768 3112 950 3176 &Epitresssk

67 3196 82 3227 v
92 3193 170 3246 nemo,
192 3178 234 3240 qni
250 3178 356 3247 dilatare,
372 3190 471 3249 etquea
503 3237 504 3241 Ἰ
527 3199 560 3244 ιι,
573 3180 628 3244 Aah
