2070 3524
89 252 117 290 02
446 246 579 294 ORATOR.

86 359 278 431 dissimulant,
304 374 459 442 propterea
492 364 571 442 qudd
596 361 753 440 prudentia
776 362 939 421 hominibus

88 467 171 532 grata
186 468 239 528 est,
253 455 350 531 lingua
362 468 506 535 suspectu.
523 459 598 515 Num
609 456 698 532 igitur
711 467 762 513 ant
773 454 869 516 latere
881 456 939 515 elo·

88 547 205 626 quentia.
215 559 325 626 potest;
340 551 438 621 antid,
455 551 533 629 quod
547 548 720 621 dissimulat,
741 548 868 627 effugit3
893 561 940 609 aut

88 654 132 700 est
144 641 315 720 periculum,
329 662 366 701 ue
384 643 447 719 quis
459 654 552 722 putet,
574 643 605 700 in
628 646 733 718 magud
746 655 813 701 arte
828 655 858 701 et
877 643 936 720 glo·

88 733 165 792 riosa
179 747 262 813 turpe
277 755 340 794 esse
351 738 457 795 docere
477 735 549 794 alios
562 735 604 806 id,
621 735 699 811 quod
713 733 771 813 ipsi
786 735 878 795 fuerit
888 734 939 793 ho-

87 826 281 886 nestissimum
289 829 420 888 discere?
433 834 474 887 Ac
487 829 607 886 fortasse
618 825 707 886 ceteri
721 826 861 886 tectiores
868 850 877 901 ;
889 846 937 905 ego

88 941 203 1000 semper
218 940 264 979 me
275 920 410 981 didicisse
423 941 484 1000 prae
500 941 547 980 me
558 919 622 980 tuli.
635 917 691 994 Qui
712 918 792 977 enim
812 938 936 998 possem,

88 1034 177 1092 quum
192 1027 221 1074 et
237 1013 391 1073 abluissem
412 1015 590 1084 adolescens,
608 1012 755 1072 ethorum
778 1013 939 1071 studiorum

88 1114 175 1166 causa
202 1127 282 1165 mare
308 1107 489 1179 transissem,
502 1150 509 1160 .
522 1120 550 1166 et
573 1104 746 1165 doctissimis
772 1105 938 1164 hominibus

89 1201 194 1258 referta
216 1202 318 1257 domus
339 1212 424 1271 esset,
451 1212 481 1258 et
500 1200 603 1278 aliquae
624 1200 744 1257 fortasse
763 1199 894 1258 inessent
912 1200 939 1257 in

89 1313 219 1352 sermone
240 1307 338 1351 nostro
362 1294 559 1353 doctrinarum
581 1299 672 1354 notaei
694 1312 843 1371 quumque
854 1293 939 1370 rulgd

89 1386 196 1466 scripta
223 1400 323 1446 nostra
347 1387 524 1465 legerentur,
547 1385 760 1445 dissimularem
787 1406 836 1445 me
864 1385 940 1446 didi·

88 1482 180 1540 cisse?
193 1481 267 1555 Quid
292 1494 364 1552 erat,
391 1501 444 1540 cur
466 1481 635 1560 probarem,
660 1479 716 1539 nisi
740 1480 822 1558 qudd
838 1483 940 1559 parum

89 1575 209 1634 sortasse
223 1576 419 1654 profeceram?

107 1810 146 1861 De
160 1808 185 1860 la
201 1807 359 1879 disposition
369 1805 414 1858 des
425 1819 501 1859 mots.
515 1807 622 1860 Liaisou
635 1807 681 1860 des
694 1820 764 1860 muts
775 1821 850 1861 entre
861 1827 923 1861 eux.

129 1991 228 2046 XXII.
268 1989 352 2062 Quod
383 2008 473 2067 quum
510 1989 550 2046 ita
583 1987 630 2057 sit,
667 1999 764 2045 tamen
792 2007 845 2056 ea,
878 2007 942 2065 quae

90 2083 177 2160 supra
210 2078 287 2138 dicta
323 2094 399 2155 sunt,
429 2082 494 2159 plus
511 2080 543 2138 in
564 2080 750 2158 disputando,
779 2080 868 2157 quam
895 2099 941 2152 ea,

90 2175 127 2232 de
147 2173 250 2251 quibus
267 2174 422 2232 dicendum
440 2187 494 2246 est,
516 2173 665 2251 dignitatis
690 2171 869 2230 habuerunt.
898 2175 942 2230 De

91 2266 187 2325 verbis
211 2266 288 2325 enim
318 2268 536 2348 componendis,
565 2281 594 2326 et
620 2267 658 2324 de
683 2264 801 2342 syllabis
832 2285 941 2344 prope-

91 2361 210 2418 modum
244 2361 461 2421 dinumerandis
490 2373 519 2419 et
556 2359 740 2433 dimetiendis
771 2358 941 2436 loquemur;

92 2472 154 2529 quae
164 2451 277 2510 etiamsi
300 2466 377 2524 sunt,
403 2453 487 2511 sicuti
511 2452 582 2510 mihi
606 2451 751 2521 videntur,
767 2453 941 2522 necessaria,

92 2556 187 2602 tamen
201 2544 273 2602 fiunt
290 2544 530 2621 magnificentius,
554 2547 641 2623 quarn
657 2544 797 2603 docentur
811 2543 836 2605 ¹.
851 2548 902 2603 Est
913 2544 944 2603 id

91 2636 209 2694 omuino
228 2657 340 2707 verum,
368 2637 440 2695 sed²
467 2638 584 2716 proprie
611 2639 641 2696 in
661 2638 718 2696 hoc
734 2636 853 2697 dicitur.
871 2641 944 2696 Nam

92 2733 223 2789 omnium
237 2751 409 2809 magnarum
426 2730 543 2809 artium,
562 2732 635 2790 sicut
655 2732 805 2801 arborum,
822 2731 945 2790 altitudo

92 2841 145 2879 nos
159 2822 293 2896 delectat,
310 2824 421 2883 radices
436 2825 598 2903 stirpesque
619 2845 678 2882 non
704 2823 791 2897 item;
808 2825 860 2882 sed
883 2843 944 2882 esse

125 2997 146 3036 l.
161 2992 217 3049 Quae
232 2991 494 3053 tamenfiunemagnifi-
582 2998 604 3039 2.
627 2995 669 3037 Est
694 2991 720 3036 id
740 2993 831 3037 omnino
855 3008 945 3048 verum,

92 3051 178 3097 anctus
186 3044 497 3114 qudurdocentur‚onselait
548 3055 596 3114 sed,
609 3064 668 3112 etc,
692 3070 718 3099 ce
738 3068 783 3113 que
797 3056 820 3114 J'e
833 3053 881 3099 vais
896 3055 948 3100 dire

92 3113 496 3177 cependuntplusd’honneurirpra-
548 3126 582 3162 est
594 3115 643 3160 rrai
659 3131 689 3160 cn
721 3116 810 3172 dneral,
824 3116 881 3161 mnis
894 3116 948 3162 c'est

92 3176 169 3238 tiquer
183 3193 221 3224 ces
233 3187 317 3223 secreta
328 3178 360 3224 de
375 3178 427 3225 l'urt
441 3179 495 3241 qu'ai
548 3177 598 3224 erui
616 3176 692 3238 partic
717 3178 828 3222 ''erement
843 3194 903 3236 pour
926 3178 949 3221 le

23 3258 41 3285 .·
87 3238 121 3287 In
130 3239 260 3305 erser'guer.
553 3237 739 3303 suietquinous
749 3251 849 3295 oecupe.
