2062 3510
106 303 135 343 st
462 294 596 340 ORATOR.
994 304 999 377 q

106 414 196 484 clusa,
211 410 372 488 eodemque
384 421 470 489 pacto
485 408 628 480 cadentia,
646 421 674 466 et
687 407 888 468 immutatione
906 409 951 468 lit·

106 507 186 566 te1oe¹
200 503 282 583 quasi
295 504 419 582 quaesitae
436 515 610 574 venustates,
628 521 664 559 ne
682 500 831 560 elaborata
842 502 952 562 concin-

106 600 191 670 nitas,
202 609 231 656 et
243 598 388 675 quoddam
407 598 563 675 aucupium
579 594 791 653 delectationis²
803 594 953 657 manifesti

106 690 316 769 deprehensum
337 702 487 768 appareat.
510 694 640 766 Itemque
664 686 687 745 si
712 704 776 766 quaa
799 688 952 750 verborum

106 780 286 842 iterationes³
304 784 516 841 contentionem
534 781 660 858 aliquam
681 794 709 839 et
726 780 887 864 clamorem
907 798 946 843 ter

556 1011 615 1056 tient
640 1027 672 1056 un
696 1010 780 1056 oiseau.
793 1012 893 1060 Ciot'tron
908 1030 954 1061 em·

556 1072 617 1132 ploie
625 1072 750 1118 volontiers
756 1082 816 1120 cette
824 1076 954 1136 expression

557 1135 689 1194 empruntie
708 1151 736 1181 au
756 1134 824 1181 rieux
837 1138 935 1202 langage
947 1152 957 1197 :¹

555 1197 613 1242 ainsi
626 1198 682 1242 dans
697 1198 719 1244 le
732 1197 836 1243 disoonrs
845 1217 906 1261 pour
917 1202 955 1248 06-

555 1261 607 1303 rino
616 1258 871 1322 ilssetrissaitoaucupia
877 1263 955 1310 verho-

555 1341 568 1364 o
583 1321 953 1371 rumetlitterarnmtendicnhs.»

595 1391 618 1429 3.
648 1385 772 1431 Verborum
782 1402 793 1416 ⁴
807 1385 953 1449 iterationes,

555 1444 587 1489 les
607 1445 741 1505 ripititions
754 1447 783 1492 de
795 1457 864 1497 mots.
887 1467 901 1493 o
913 1450 954 1497 tti-

557 1524 570 1547 «
581 1506 644 1553 hilne
652 1516 817 1553 tenoctnrmtm
823 1511 955 1569 presidium

557 1587 569 1609 n
579 1570 664 1628 palatii,
670 1571 728 1615 nihil
734 1570 893 1634 urhisrigiliae,
898 1574 954 1620 nihil

557 1649 570 1671 ι(
580 1630 651 1676 timor
663 1633 752 1692 populi,
767 1631 826 1678 nihil
833 1650 955 1683 consensus

557 1710 570 1734 o
581 1693 695 1739 honorum
708 1694 821 1753 omnium,
841 1697 901 1743 nihil
917 1699 955 1745 hic

558 1772 570 1796 o
582 1754 744 1802 munitissimus
752 1757 853 1803 habendi
866 1770 955 1807 senatus

560 1833 570 1858 a
582 1817 652 1875 locus,
661 1819 719 1864 nihil
728 1820 812 1864 horum
819 1835 858 1866 ora
867 1823 953 1869 vulttts-

559 1897 570 1921 ιι
579 1892 775 1940 quamverum.»
784 1880 952 1944 (Catilinnires,

558 1943 577 1998 1,
594 1942 621 2003 1.)
636 1944 700 1989 Cette
712 1944 794 2004 phrase
810 1953 844 1990 est
858 1958 955 1994 souveot

556 2003 613 2049 citte
635 2006 691 2050 dans
712 2007 744 2051 les
765 2007 837 2052 icolcs
854 2009 885 2057 de
900 2009 953 2056 rtat-

556 2075 635 2113 teors:
650 2085 663 2110 o
677 2067 722 2124 Qui
735 2077 795 2127 sunt,
810 2068 852 2130 qui
870 2070 954 2119 foeden

557 2147 570 2170 ιι
584 2132 954 2194 εωρειιιρειιιιιτῖὼιῑῑιεςίηὶοη-

107 1013 233 1060 membres:
247 1031 261 1055 (ι
271 1011 335 1056 Vicit
346 1012 458 1071 pudorem
472 1010 503 1054 ti-

109 1096 122 1118 «
134 1076 202 1132 hido,
218 1074 323 1120 timorem
344 1074 448 1130 audacia,
465 1088 503 1117 ra·

109 1157 122 1179 a
133 1137 220 1182 tionem
253 1135 358 1180 umentia.
383 1154 396 1178 n
423 1141 450 1180 8⁰
471 1137 503 1179 Le

112 1198 315 1257 Ὃμοιὸπτωτον,
339 1205 417 1242 retour
459 1193 503 1242 ‘des

108 1263 190 1307 memes
201 1275 254 1305 cas:
269 1278 282 1301 n
296 1261 337 1304 Est
348 1258 409 1305 idem
423 1259 504 1303 Verres

110 1344 122 1365 n
135 1321 175 1383 qui
186 1321 230 1367 tuit
240 1337 329 1380 semper
339 1331 365 1366 ut
375 1322 405 1367 ad
415 1321 503 1366 auden-

110 1406 123 1428 «
134 1386 188 1429 dum
194 1384 319 1445 projectus,
329 1383 362 1429 sic
370 1385 400 1429 ud
408 1383 503 1429 audien-

111 1466 124 1492 α
135 1448 189 1492 dum
198 1457 303 1507 paratus.
313 1463 327 1487 »
339 1450 365 1489 4⁰
378 1445 503 1509 ’ομοιοτὲ-

109 1512 200 1568 λευτον,
213 1518 291 1555 retour
302 1509 342 1554 des
352 1510 436 1554 nitores
446 1523 503 1554 oon-

109 1588 253 1617 sonnances:
280 1590 293 1612 «
316 1573 370 1616 Dux
392 1570 436 1615 luit
458 1579 504 1615 tam

110 1654 123 1676 a
136 1633 241 1696 egregius
256 1643 281 1678 ut
296 1632 344 1692 ejus
358 1648 447 1692 semper
461 1648 503 1676 vo-

110 1695 257 1740 «luntatihus
278 1710 326 1740 non
352 1695 422 1739 modo
445 1694 505 1740 cives

110 1777 124 1801 a
136 1759 286 1814 assenserint,
296 1755 352 1801 socii
361 1756 504 1816 obtempera‘-

110 1839 123 1862 ιι
135 1821 193 1875 rint,
210 1818 287 1864 hostes
301 1817 443 1875 obedierint,
464 1819 504 1862 secl

110 1880 201 1931 «etiam
221 1879 284 1925 venti
316 1888 504 1940 tempestatesque

110 1964 123 1988 n
135 1943 318 1989 obsecundarunt.
330 1960 343 1983 n
449 1993 454 2002 ·

141 2013 148 2048 t
157 2006 328 2051 Jmmnturione
337 2005 427 2049 litterae.
433 2004 505 2062 Quin·

108 2068 172 2113 tilien
181 2066 225 2112 cite
237 2067 345 2126 quelques
356 2067 469 2126 exemplos
476 2068 504 2112 de

109 2146 144 2176 ces
151 2131 206 2188 jenx
221 2130 249 2174 de
261 2138 363 2175 mots:«
376 2127 419 2174 Hic
431 2128 505 2187 quise

109 2212 122 2234 «
134 2191 251 2255 magnifici
258 2192 336 2251 jactat,
353 2202 421 2252 utque
430 2202 504 2236 osten·

110 2263 174 2310 «tat,
186 2254 255 2298 veniit
265 2253 317 2299 anti
328 2254 396 2313 quim
408 2256 503 2299 Romam

110 2338 121 2358 «ι
134 2318 202 2361 venit.
215 2342 246 2352 -
261 2318 315 2363 Non
326 2316 386 2362 enim
397 2325 442 2361 tam
453 2333 504 2378 spes

558 2209 570 2232 ιι
584 2207 626 2237 ses.
649 2192 694 2249 Qui
716 2202 778 2249 sunt,
800 2193 841 2254 qui
863 2197 953 2243 crudele

557 2272 570 2295 n
584 2253 667 2299 bellum
691 2253 715 2299 in
738 2255 803 2300 Italia
822 2262 954 2319 gesserunt?

557 2334 570 2358 a
584 2316 786 2379 Carthaginienses.
812 2319 859 2376 Qui
888 2330 951 2378 sunt,

557 2396 569 2420 n
584 2377 625 2438 qui
646 2379 735 2424 Italiam
755 2379 953 2428 deformaverunt?

557 2440 788 2501 «Carthaginienses.
810 2443 856 2501 Qui
882 2453 951 2502 sunt,

557 2521 569 2543 ι(
585 2501 624 2562 qui
650 2502 695 2547 sihi
716 2503 804 2566 ignosci
822 2506 953 2566 postulant?

110 2379 244 2424 «laudanda
258 2395 327 2439 quam
342 2395 377 2424 res
392 2378 431 2424 sit.
448 2381 504 2424 »Et

109 2441 124 2484 il
147 2441 223 2499 ajoute
237 2459 243 2486 ι
257 2459 270 2482 a
293 2442 324 2486 Et
344 2441 389 2485 hoc
411 2440 504 2501 quoque

109 2502 224 2562 «quotics
249 2501 274 2545 in
301 2500 422 2547 sententias
442 2518 503 2548 acres

108 2645 121 2668 u
133 2635 181 2671 tum
185 2626 261 2687 possis
269 2641 294 2669 tn
302 2641 330 2670 eo
339 2640 428 2685 semper
435 2642 503 2686 expe·

108 2708 120 2731 a
133 2688 178 2734 rire
190 2697 216 2732 ut
222 2689 307 2750 prosis.
320 2706 334 2730 n
348 2688 367 2733 ll
378 2697 413 2734 est
423 2687 503 2734 inutile

107 2749 221 2795 d’insister
242 2767 280 2794 sur
303 2750 325 2797 lo
340 2749 399 2810 ptiril
423 2751 452 2796 de
466 2767 503 2796 ces

104 2813 158 2872 jcux
182 2811 286 2871 tl'esprit.
314 2815 351 2858 On
378 2814 502 2873 comprend

106 2889 151 2933 quo
162 2872 195 2918 les
210 2875 334 2932 proverbes
344 2875 476 2935 populaires
487 2891 502 2934 y

105 2945 213 2981 trouvent
228 2951 272 2981 uno
288 2936 361 2981 forme
376 2937 427 2997 plus
439 2936 503 2983 facile

106 2998 119 3043 i
131 2996 230 3053 rotenia,
241 2996 297 3042 mais
305 2998 445 3059 l’iloquence
453 2999 503 3044 ‹toit

106 3062 153 3106 s’eu
163 3059 272 3105 detonare
285 3076 375 3106 ootnme
386 3062 454 3107 d'une
470 3063 503 3109 si-

106 3122 201 3169 duction
213 3123 361 3184 dangereuse.

130 3193 154 3230 2,
171 3185 306 3246 Aucusriurn
333 3185 503 3244 delectationis,
555 3187 701 3248 tique3e'est
712 3189 817 3245 tottionis
827 3205 873 3234 une
888 3206 954 3249 quos·

84 3246 158 3308 pirgo
173 3249 246 3294 tendo
259 3265 325 3311 poor
343 3249 433 3299 retenir
446 3250 506 3299 l’na·
560 3250 612 3297 tion
629 3250 659 3295 tle
670 3264 761 3295 mesore
771 3257 796 3292 et
808 3249 838 3292 he
851 3250 968 3308 gohtson

76 3306 159 3355 ditem·
178 3311 285 3377 ciram,
305 3331 400 3365 comme
419 3332 456 3365 οη
468 3332 508 3363 η.
565 3311 705 3375 n'ensttlgm
713 3324 758 3371 Pas
767 3308 905 3353 lemmeh·

555 2628 629 2686 prend
636 2643 680 2687 que
693 2628 714 2673 le
727 2629 784 2688 style
794 2628 884 2689 simple,
899 2631 955 2676 dans

555 2689 639 2751 l‘usage
649 2690 772 2743 ordinaire,
784 2692 955 2752 n’admettepns

555 2767 591 2796 ces
608 2750 673 2797 ellets
690 2753 797 2807 violents3
812 2753 869 2798 mois
891 2754 908 2799 it
924 2769 954 2800 ne

556 2813 606 2858 doit
627 2829 668 2872 pas
680 2830 703 2859 se
723 2815 755 2860 les
773 2815 893 2862 intordire.
916 2819 952 2862 Du

555 2885 622 2931 reste,
639 2877 695 2921 dans
710 2877 795 2922 l’etude
809 2878 840 2922 du
852 2881 912 2938 stylo
930 2887 952 2924 et

556 2940 594 2983 des
613 2936 731 2984 disserents
751 2939 873 2986 caracteres
895 2940 952 3002 qu'il

555 3000 667 3060 presente,
683 3016 719 3046 ces
733 3001 842 3046 divisione
853 3011 907 3062 trop
920 3003 954 3048 ri-

556 3078 677 3123 goureuses
691 3064 719 3108 de
732 3063 753 3107 la
766 3064 899 3125 rhetorique
912 3054 953 3110 an'-

555 3124 633 3170 cicnne
645 3134 699 3170 sont
711 3124 804 3171 ellacees
815 3143 859 3186 par
867 3128 889 3172 la
900 3145 955 3188 pra·

530 2238 532 2279 l

109 2562 223 2621 «incidit,
235 2563 416 2635 pulchrumest:
430 2580 503 2625 quan·
556 2583 569 2606 a
584 2564 786 2628 Carthagimenses.
808 2584 819 2611 a
837 2570 874 2613 On
890 2584 953 2614 oom-
