2070 3524
367 210 500 256 oasroa.
784 267 786 272 ¹
814 216 858 256 tta

49 323 192 397 Quoniam
210 323 298 400 igitur
313 325 453 384 babemus
466 339 540 404 aptae
559 324 698 384 orationis
712 345 761 384 eos
774 326 858 404 prin·

10 415 88 494 cipes
110 430 315 493 auctoresque,
339 438 413 495 quos
428 418 569 489 diximus,
585 431 614 477 et
636 418 719 496 origo
742 419 857 477 inventa

10 522 60 582 est,
83 530 169 568 causa
192 524 349 588 quaeratur.
366 515 436 585 Quae
455 512 496 569 sic
519 525 619 591 aperta
639 525 693 585 est,
713 524 746 570 ut
769 512 858 571 mirer

10 615 119 661 veteres
135 623 193 661 non
207 623 268 662 esse
280 617 459 676 commotos,
474 604 635 683 praesertim
649 626 753 683 quum,
770 617 802 664 ut
813 607 855 677 fit,

10 695 127 753 lortuitd
158 717 233 775 saepe
261 697 370 774 aliquid
400 697 534 755 concluse
564 698 687 776 apteque
714 694 854 761 dicerent.

10 790 92 861 Quod
113 809 202 866 quum
223 789 333 847 animos
354 789 502 848 hominum
526 811 666 868 auresque
686 791 855 870 pepulisset,

10 893 39 939 ut
51 881 172 958 intelligi
186 896 293 960 posset,
307 881 348 952 id,
364 883 441 959 quod
454 903 536 940 casus
548 882 705 954 effudisset,
720 883 857 943 cecidisse
872 914 877 924 ·

10 975 142 1053 jucasnde,
158 977 317 1034 notandum
337 976 414 1034 certe
431 996 534 1054 genuS,
551 989 637 1055 atque
651 976 707 1055 ipsi
721 975 776 1035 sibi
789 975 856 1035 imi-

10 1067 86 1128 tandi
99 1071 227 1128 suerunt.
240 1074 331 1128 Aures
342 1068 430 1144 enim,
444 1070 488 1128 vel
502 1069 614 1128 animus
628 1070 740 1128 aurium
755 1070 857 1129 nuntio

10 1162 167 1220 naturalem
183 1164 339 1239 quamdam
357 1162 436 1221 inse
457 1161 585 1221 continet
605 1182 708 1221 vocum
728 1162 856 1222 omnium

10 1255 198 1315 mensionem.
218 1260 318 1334 ltaque
332 1269 361 1314 et
375 1256 506 1335 longiora
523 1269 551 1315 et
567 1256 700 1315 breviora
713 1255 855 1336 judicatt,

10 1363 36 1408 et
52 1351 179 1428 perfecta
196 1369 229 1408 ac
248 1349 398 1406 moderata
423 1368 537 1426 semper
564 1360 731 1428 exspectat;
758 1349 856 1407 mutila

10 1443 92 1502 sentit
107 1443 239 1520 quaedam
261 1455 290 1500 et
307 1442 388 1520 quasi
405 1442 567 1512 decurtata,
583 1441 700 1520 quibus,
720 1452 856 1519 tanquam

10 1535 104 1594 debito
132 1537 151 1593 b
163 1534 297 1606 audetur,
331 1533 503 1608 offenditur3
532 1534 717 1614 productiora
743 1535 798 1592 alia
829 1549 857 1594 et

10 1630 88 1708 quasi
108 1628 324 1687 immoderatius
348 1629 548 1699 excurrentia,
569 1649 634 1706 quae
656 1625 747 1705 magis
770 1629 855 1686 etiam

10 1736 199 1803 aspernantur
212 1742 296 1779 aures
312 1744 318 1780 :
336 1722 415 1799 quod
430 1742 521 1800 quum
534 1721 564 1780 in
577 1722 735 1801 plerisque,
751 1734 812 1780 tum
826 1723 855 1780 in

10 1821 62 1876 lroc
77 1836 181 1893 genere
198 1814 320 1873 nimium
335 1817 413 1893 quod
430 1828 488 1885 est,
506 1813 628 1873 offendit
645 1814 854 1888 vehementius,

10 1909 161 1989 autemid,
180 1911 258 1986 quod
277 1908 391 1967 videtur
404 1911 517 1988 parum,
540 1911 580 1967 Ut
593 1907 680 1985 igitur
696 1907 810 1987 poetica
828 1921 858 1967 et

10 2022 107 2062 versus
122 2003 254 2059 inventus
273 2013 317 2058 est
335 1999 538 2058 terminatione
556 1998 697 2069 aurium’,
717 1998 855 2057 observa·

10 2094 87 2154 tione
98 2094 296 2173 prudentium,
310 2092 350 2151 sic
368 2091 398 2150 in
410 2091 541 2151 oratione
559 2091 790 2165 animadversum
802 2105 855 2163 est,
923 2111 930 2126 ‘

40 2349 62 2390 t.
93 2341 209 2401 Longiora
220 2350 243 2385 et
254 2340 354 2385 brevzbru
361 2338 405 2400 ju·
459 2342 599 2402 Longtemps
610 2340 674 2399 apres
686 2338 797 2398 ciceron,
807 2354 858 2385 cer-

10 2406 80 2451 da’eat.
100 2403 229 2459 Quintilien
246 2401 348 2447 enclrdrit
364 2418 407 2446 eu·
460 2401 519 2446 taius
536 2411 637 2447 orateurs
653 2402 799 2447 eberchaient
816 2416 857 2446 en·

10 2482 62 2513 core
77 2482 116 2510 sur
128 2465 240 2511 Ciceron:
257 2483 267 2506 ι
279 2464 314 2509 Sit
324 2463 349 2508 in
362 2465 407 2510 boc
460 2480 513 2509 core
524 2464 537 2509 a
549 2480 572 2510 se
582 2463 709 2526 distinguer
719 2479 746 2508 eu
756 2465 859 2508 donuant

10 2547 23 2573 ι
35 2526 130 2588 quoque
147 2527 233 2587 aliquid
251 2526 344 2571 lortasse
354 2543 406 2571 mo·
418 2551 420 2555 ·
460 2527 474 2572 a
484 2528 545 2572 leurs
554 2527 647 2587 phrases
657 2541 703 2571 une
712 2525 859 2570 terminaison

10 2610 24 2634 κ
37 2589 186 2650 menti‚qubd
198 2599 221 2634 et
233 2588 309 2650 longis
318 2589 408 2649 longio·
461 2589 519 2635 dont
532 2588 554 2634 la
568 2588 662 2634 rudesse
677 2587 777 2633 caleulde
792 2588 859 2646 parm

10 2672 24 2696 a
38 2669 82 2711 res,
91 2664 114 2698 et
121 2650 228 2697 brevibus
236 2659 289 2696 sunt
296 2650 409 2697 breviores
461 2653 513 2712 plus
533 2650 613 2711 simple
637 2660 661 2696 et
680 2650 732 2709 plus
752 2649 857 2695 austere:

10 2733 24 2759 ι
39 2715 133 2776 syllabae
150 2732 156 2760 :
172 2723 198 2758 ut
215 2711 319 2773 quamvis
336 2728 411 2772 neque
463 2731 477 2755 u
491 2713 584 2759 Solebat
597 2711 650 2757 ster
668 2712 782 2759 Domitius
795 2711 860 2770 traji-

10 2797 24 2821 ι(
36 2779 89 2837 plus
102 2776 192 2821 duobus
205 2775 354 2836 temporibus,
368 2791 408 2821 ne-
464 2793 477 2817 «
490 2791 539 2821 cere
548 2775 573 2820 in
585 2774 698 2819 clausulas
711 2773 778 2818 verba
794 2772 862 2834 (finit

10 2858 25 2883 α
39 2855 86 2899 qne
95 2855 141 2883 uno
150 2839 225 2882 minus
230 2838 314 2882 babere
320 2838 411 2884 videau-
465 2856 477 2880 a
492 2837 514 2883 le
521 2854 571 2882 setas
578 2853 622 2899 par
633 2846 715 2884 unrnot
726 2836 860 2896 tran-rpem),

11 2921 25 2945 α
41 2902 163 2960 tut-‚lateat
171 2910 247 2945 tamen
257 2900 334 2944 nescio
345 2899 411 2960 quid,
466 2918 478 2941 u
491 2900 580 2945 tantum
609 2899 739 2958 asperandae
765 2913 861 2957 compo·

11 2982 25 3006 a
41 2963 61 3008 si
84 2963 210 3023 quidquam
235 2961 348 3024 supersit,
374 2972 413 3006 aut
467 2980 479 3004 a
492 2961 581 3007 sitionis
605 2960 691 3024 gratia,
718 2971 741 3006 et
765 2958 863 3005 maxime
897 2965 909 2985 ⁸

11 3044 26 3069 α
41 3025 108 3072 desit.
121 3027 178 3070 Nam
196 3040 301 3070 versuum
319 3024 413 3085 propriu
467 3043 480 3066 a
492 3024 516 3070 in
531 3023 666 3085 prooemiis,
686 3033 710 3067 ut
724 3038 767 3080 pro
779 3022 867 3065 Cloan-

15 3104 28 3137 't
37 3087 143 3135 conditio
159 3097 203 3149 est,
222 3086 321 3147 ideoque
339 3087 364 3132 in
379 3086 414 3133 lais
469 3103 483 3128 u
495 3085 666 3132 tillaaGrutius
679 3076 890 3149 agamneouttuah.

13 3173 26 3197 u
38 3151 142 3208 quadam
158 3149 225 3194 etiam
244 3165 416 3196 communes.»
475 3169 489 3194 u
500 3152 534 3199 Et
544 3165 593 3209 pro
607 3145 714 3195 Latius
732 3143 777 3185 Eas
796 3142 910 3202 ww*

36 3216 60 3260 2.
97 3212 270 3262 Permittamus
309 3216 418 3265 aurium.
481 3229 498 3264 u
510 3210 578 3278 apud
592 3221 615 3256 te
635 3207 750 3272 iudicem
765 3190 928 3257 &mmm
